2642 4250
519 275 622 318 artrica
644 273 802 320 spasmus.
1110 256 1167 317 1¹35

182 415 306 478 §ut-
321 417 362 468 De
384 414 547 469 <aeconomia
575 414 695 468 interna
724 428 776 470 seu
806 413 842 469 de
869 415 978 468 natura
1011 412 1163 468 societatis

640 485 745 540 orvans,
1063 510 1065 513 v

189 607 261 668 244.
275 639 313 650 -
323 609 368 668 Ex
384 612 498 670 natura
510 609 674 670 communi
685 612 717 668 et
729 624 770 668 ex
779 607 1000 681 sociabilitatis
1011 608 1165 667 instinctu

138 691 207 763 qui
220 703 295 748 sese
312 688 463 750 evolvere
483 695 516 748 et
532 687 717 748 diffundere
731 686 900 748 indefinite
916 688 1051 762 appetit,
1064 687 1162 748 homo

139 766 194 826 ad
231 768 424 828 societatem
458 768 638 836 ordinatur,
678 768 859 845 etquidem
895 767 1164 829 universaliorem

141 861 223 922 qua
239 850 343 924 possit
357 848 487 921 haberi;
505 849 602 909 homo
619 852 738 923 sponte
760 855 887 908 naturae
912 849 1036 924 appetit.
1061 851 1163 906 trans-

138 923 234 986 itum
257 943 275 985 a
299 930 456 988 societate
494 927 672 987 domestica
697 926 739 986 ad
765 930 908 997 civilem3
935 927 1163 1004 quamobrem,

140 1013 185 1066 ut
200 1007 416 1079 ostendimus,
442 1024 460 1068 a
484 1007 663 1068 domestica
685 1009 842 1068 societate
867 1005 1082 1083 proficiscitur
1103 1022 1161 1082 po-

138 1084 253 1223 lfitical,i
270 1089 339 1162 que
353 1086 491 1148 familias
507 1088 638 1163 copulat
653 1088 773 1162 etipsa
790 1085 969 1157 individua,
996 1085 1163 1146 mediante

164 1183 232 1224 amr
257 1182 285 1225 a.

191 1245 339 1304 ¹societas
357 1247 444 1305 enim
459 1245 598 1322 amplior
620 1245 796 1307 societates
819 1243 991 1305 inferiores
1014 1243 1161 1320 perfiolt3

144 1323 213 1384 sed
233 1324 368 1385 easdem
385 1323 556 1384 destruere
578 1341 645 1385 non
669 1325 780 1399 debet,
806 1341 904 1385 secus
928 1326 971 1385 ad
998 1324 1163 1401 propriam

146 1405 280 1463 ruinam
298 1409 331 1464 et
347 1404 594 1464 demolitionem
611 1405 784 1465 laboraret.

191 1484 264 1544 245.
281 1485 403 1544 -Non
421 1483 541 1544 desunt
557 1489 667 1543 tamen
690 1490 841 1544 auctores
857 1485 912 1559 qui
935 1481 1065 1543 inficiati
1088 1488 1164 1542 sunt

148 1563 348 1624 societatem
363 1561 490 1624 civilem
505 1562 697 1624 immediate
714 1568 864 1624 constare
880 1562 1020 1636 familiis,
1037 1568 1069 1622 et
1078 1561 1162 1625 indi-

148 1641 259 1702 viduis
275 1641 404 1704 nonnisi
419 1641 574 1711 mediate,
591 1659 713 1719 nempe
730 1648 894 1722 quatenus
909 1647 985 1703 sunl
1001 1643 1166 1704 elementa

148 1723 318 1783 societatis
336 1721 531 1782 domestica.
560 1725 605 1783 lta
630 1731 704 1798 post
724 1725 923 1783 Hobbesium
940 1727 972 1781 et
995 1724 1166 1783 Rousseau

150 1803 300 1861 sentiunt
314 1803 518 1862 rationalistae
533 1819 661 1872 omnes
680 1803 735 1879 qui
755 1804 947 1863 societatem
963 1803 1090 1863 civilem
1106 1819 1166 1878 per

146 1881 292 1955 [taliones
304 1883 393 1956 parus
408 1882 448 1942 ab
467 1881 597 1942 arbitrio
625 1881 819 1951 dissolvunt,
847 1887 880 1942 et
905 1886 1021 1957 postea
1047 1881 1166 1942 eodem

149 1959 251 2021 modo
278 1961 507 2038 redintegrant
533 1978 594 2038 per
610 1978 809 2023 eonsensum
824 1961 1016 2038 implicitum
1031 1961 1084 2022 vei
1108 1978 1164 2022 ex·
1187 2026 1189 2030 ,

149 2040 303 2116 plicitum
319 2041 449 2100 civium.

194 2119 260 2179 Sed
275 2121 343 2181 baec
360 2119 507 2181 doctrina
525 2122 575 2179 est
588 2117 681 2188 falsa,
706 2122 735 2180 lo
759 2120 835 2196 quia
858 2119 956 2179 homo
981 2119 1111 2181 nonnisi
1134 2119 1165 2180 vi

150 2196 280 2261 lamiliae
295 2201 518 2277 integritatem
541 2210 574 2259 et
596 2200 838 2274 perennitatem
861 2200 996 2269 obtinet,
1022 2200 1166 2277 ideoque

150 2280 315 2339 strictiore
339 2285 372 2339 et
386 2280 550 2340 stabiliore
566 2280 695 2339 vinculo
712 2297 787 2339 eum
803 2282 961 2340 societate
986 2278 1166 2340 domestica

151 2360 328 2434 copulatur
358 2377 457 2436 quam
487 2360 570 2419 civili
598 2358 748 2419 adhaeret
777 2378 784 2419 2
815 2359 895 2419 ordo
921 2357 1067 2427 rationis,
1093 2376 1166 2434 pro-

151 2442 269 2513 pensio
286 2440 461 2511 sensibilia,
480 2443 597 2517 praeter
612 2456 806 2514 processum
831 2440 976 2516 originis,
1002 2440 1086 2498 clare
1111 2455 1164 2499 os-

151 2515 296 2578 tendunt
310 2519 477 2580 hominem
491 2517 694 2579 individuum
710 2522 800 2594 prius
815 2520 952 2588 tamilla,
980 2517 1101 2579 deinde
1125 2518 1166 2576 ci·
1247 2526 1250 2529 ’

150 2599 243 2657 vitati
260 2599 427 2676 conjungi.
444 2600 476 2658 2⁰
497 2601 568 2675 lpse
596 2604 775 2671 conceptus
799 2596 925 2660 familia
950 2614 1026 2657 eum
1051 2604 1165 2657 natura

151 2676 296 2737 hominis
312 2678 467 2739 intimiori
483 2677 581 2737 modo
599 2678 736 2737 tolieret
751 2694 851 2753 quam
876 2683 1056 2753 conceptus
1083 2678 1161 2738 civi-

155 2758 240 2817 tatis
260 2759 290 2817 3Ο
304 2759 380 2817 lura
397 2758 576 2817 domestica
592 2758 754 2818 anteriora
770 2762 802 2815 et
825 2758 991 2817 stabiliora
1017 2762 1094 2817 suni
1112 2757 1166 2835 ju·

152 2838 245 2897 ribus
262 2837 420 2906 civilibus,
437 2836 581 2911 ideoque
599 2836 739 2897 societas
754 2837 886 2911 politica
901 2835 1016 2913 nequit
1042 2837 1164 2895 exhau-

151 2916 217 2975 rire
244 2921 301 2976 aut
324 2918 500 2977 immutare
521 2916 597 2993 jura
622 2915 813 2975 domestica.
842 2918 928 2986 tirso
960 2918 1072 2977 civitas
1092 2916 1168 2993 jura

150 2995 219 3054 hec
235 2995 403 3066 subaudit,
421 3012 458 3055 ac
469 2994 606 3072 proinde
623 2997 709 3055 inter
722 3011 758 3054 se
775 2998 907 3071 copulat
921 2996 1167 3072 ipsasiamilias‚

152 3079 186 3133 et
196 3089 263 3133 non
275 3079 390 3148 posset
403 3072 593 3134 immediate
604 3078 767 3152 attingere
782 3075 962 3145 individua,
976 3081 1054 3155 quin
1066 3078 1170 3137 solvat
1267 3078 1269 3083 '

149 3157 224 3229 jura
262 3153 457 3223 domestica,
490 3171 560 3231 quae
589 3155 629 3213 ab
658 3155 729 3229 ipsa
759 3154 884 3215 destrui
920 3162 976 3216 aut
1006 3156 1170 3217 immutari

151 3238 327 3311 nequeunt
343 3235 413 3295 sine
429 3232 603 3294 manifesta
617 3236 793 3295 violatione
804 3235 888 3312 juris
904 3236 1077 3295 naturalis.

153 3352 224 3412 246.
242 3352 360 3411 'iussis
377 3351 539 3412 Elementa
555 3353 737 3411 essentialia
766 3355 928 3413 societatis
954 3356 1026 3413 stant
1053 3353 1165 3413 malti-

196 3434 273 3493 tado
290 3437 318 3491 et
333 3434 521 3491 auctoritas.
607 3474 609 3477 -

198 3556 290 3616 Nota.
307 3554 463 3630 Superius
479 3552 619 3615 diximus
636 3551 803 3630 quomodo
819 3556 861 3615 sil
874 3551 1090 3631 intelligenda
1103 3552 1171 3613 haeo

160 3633 335 3695 multitudo
352 3633 490 3695 socialis.
507 3634 563 3694 liic
576 3631 822 3711 praescindimus
837 3649 856 3693 a
872 3633 1081 3694 distinetione
1103 3633 1171 3693 ele·
