2642 4250
439 279 542 322 artrica
564 279 734 323 3111111113.
1061 264 1096 325 13

114 395 148 456 2³
173 394 230 455 Est
252 393 306 455 vel
327 393 487 455 vincibilis
508 393 563 455 vel
586 394 787 456 invincibilis.
818 395 922 455 Prima
951 402 1002 456 esi
1026 412 1097 472 quae

76 471 203 552 depelli
214 477 325 550 potest
337 473 447 535 habita
460 474 576 535 morali
592 475 772 552 diligentia,
784 490 846 535 seu
866 476 927 534 hac
959 475 1096 553 diligen·

75 553 118 612 tia
136 569 238 632 quam
262 554 418 631 ignorans
441 552 599 615 adhibere
625 553 805 615 debuisset.
835 555 872 615 Et
891 554 958 614 haec
976 557 1104 622 iterum.

75 637 128 694 est
144 633 280 710 duplex,
296 635 422 694 scilicet
436 633 588 706 affectata
601 649 663 710 per
677 649 777 710 quam
788 635 860 710 quis
876 634 918 695 de
933 635 1094 696 industria

75 713 214 790 aliquid,
231 711 321 789 quod
336 714 418 773 scire
441 715 584 785 tenetur,
600 716 732 791 ignorat
741 719 778 773 ut
791 714 925 775 liberius
946 719 1064 791 peccet
1085 736 1093 777 :

77 809 154 854 eam
179 810 259 872 ergo
287 794 358 853 vult
384 791 522 864 directe3
553 797 587 853 et
607 810 728 865 crassa,
755 810 819 871 qua
848 795 921 872 quis
948 793 1092 866 deiectu,

76 873 178 934 etiam
191 874 275 933 levis
286 872 460 952 diligentie
480 873 612 951 ignorat
626 873 715 950 qaod
739 873 823 934 sciro
847 878 990 947 tenetur,
1014 875 1095 936 licet

76 954 299 1031 ignorantiam
317 952 455 1030 positive
473 959 507 1013 et
519 951 643 1013 directe
665 967 732 1013 non
754 957 900 1032 quaerat3
924 971 998 1015 eam
1013 971 1092 1034 ergo

78 1048 145 1092 non
166 1033 237 1093 vult
250 1033 311 1092 nisi
331 1031 502 1092 indirecte.

115 1110 240 1182 Altera,
261 1127 322 1171 seu
344 1111 548 1181 invincibilis,
573 1118 623 1172 est
647 1127 687 1172 ea
710 1129 792 1189 quae,
817 1112 963 1174 adhibita
978 1115 1094 1177 morali

78 1190 262 1270 diligentia,
279 1194 428 1268 superari
441 1207 509 1252 non
524 1195 650 1267 posset,
674 1195 743 1251 tum
759 1194 835 1268 quia
853 1192 894 1252 de
910 1209 946 1253 13
962 1193 1093 1272 ignora-

78 1277 109 1332 ta
133 1272 225 1332 nulla
251 1272 404 1351 cogitatio
429 1273 462 1332 in
487 1276 599 1332 mente
624 1273 664 1331 sit
688 1272 814 1345 oborta,
843 1276 912 1332 tum
934 1275 1010 1350 quia
1032 1274 1094 1336 etsi

76 1352 220 1428 suspicio
243 1349 284 1410 de
306 1350 470 1430 ejusmodi
486 1365 523 1410 re
539 1355 610 1412 orta
634 1355 724 1411 esset
743 1351 778 1411 in
795 1354 920 1424 mente,
937 1354 1094 1431 ignorans

76 1448 143 1492 non
166 1432 282 1509 posset
299 1432 467 1493 moraliter
494 1430 579 1491 hanc
600 1432 771 1492 veritatem
795 1447 1009 1511 cognoscere,
1033 1450 1095 1494 seu
1200 1510 1202 1515 Ι

75 1527 171 1571 3113111
199 1513 420 1588 ignorantiam
453 1509 633 1587 depellere.
665 1510 745 1571 lnde
778 1511 893 1572 dicitur
920 1514 1093 1573 moraliter

75 1591 287 1662 invincibilis3
309 1591 336 1651 si
357 1588 565 1653 nullomodo
587 1590 673 1652 vinci
693 1596 818 1667 posset,
835 1589 1002 1653 diceretur
1009 1594 1091 1672 play-

76 1674 138 1730 sice
153 1670 360 1732 invincibilis.

115 1751 154 1811 ll.
178 1752 316 1811 Ratione
330 1752 455 1828 objecti,
480 1746 603 1825 duplex
619 1749 740 1809 iterum
762 1753 811 1810 331
822 1751 1017 1828 ignorantia,
1041 1752 1088 1811 vi-

76 1828 200 1890 delicet
208 1830 299 1905 jnrts
317 1833 350 1890 et
369 1831 461 1906 facti,
477 1829 533 1888 llla
549 1827 713 1889 detinetur
734 1830 844 1902 homo,
875 1830 1007 1907 quando
1035 1847 1091 1891 ne·

75 1910 136 1969 scit
149 1910 264 1988 legem
282 1911 425 1986 aliquam
446 1910 622 1985 prohibere
650 1911 811 1969 actionem
837 1926 937 1987 quam
966 1911 1052 1972 elicit
1082 1930 1089 1971 :

73 1989 144 2062 hac,
163 1987 298 2067 quando
311 1991 417 2050 nescit
435 1987 559 2049 factum
573 1990 692 2066 ipsum,
707 2003 739 2049 v.
760 2005 807 2068 g,
825 1991 854 2049 si
877 1993 949 2067 quis
970 2007 1088 2067 percu-

75 2069 162 2209 tilens
189 2068 356 2145 clericum,
385 2069 553 2148 ignoraret
582 2085 655 2131 eum
688 2084 789 2147 quem
811 2071 985 2147 percussit,
1016 2086 1090 2133 esse

75 2166 244 2210 cerinum.

113 2230 164 2290 lll.
188 2231 325 2291 Ratione
352 2228 455 2306 ipsius
481 2234 571 2289 actas
592 2228 648 2305 qui
670 2228 861 2307 ignoranter
883 2228 930 2301 fit,
962 2235 1013 2290 est
1036 2231 1092 2291 vel

74 2312 272 2381 antecedens,
288 2309 341 2369 vel
355 2312 594 2369 concomitans:
616 2306 819 2369 antecedens
839 2314 889 2369 est
912 2324 988 2387 quae
1011 2326 1089 2369 cau-

73 2392 123 2448 sat
137 2394 250 2451 actum
264 2403 303 2448 ac
314 2387 452 2464 proinde
468 2404 533 2466 qua
547 2388 686 2459 sublata,
703 2390 787 2449 actio
801 2404 867 2448 non
878 2388 983 2463 fieret,
996 2405 1027 2450 v.
1040 2405 1089 2467 g.,

74 2471 129 2545 qui
158 2468 331 2530 occideret
347 2473 475 2545 patrem
494 2472 613 2545 putans
628 2468 781 2529 occidere
805 2468 910 2529 ieram
930 2470 1017 2531 lnter
1036 2486 1089 2530 ve-

73 2564 151 2623 pres
185 2549 357 2610 latentem.
392 2550 578 2625 Ignorantia
613 2549 837 2608 concomitans
870 2552 921 2608 est
949 2565 990 2609 ea
1019 2566 1089 2626 quae

73 2628 238 2689 actionem
259 2627 393 2705 quidem
409 2628 592 2699 comitatur,
616 2626 677 2688 sed
700 2643 768 2688 non
790 2633 840 2689 est
861 2645 959 2688 causa
972 2629 1086 2705 ipsine,

72 2708 118 2767 ita
140 2711 179 2768 ut
202 2709 328 2769 etiamsi
350 2707 528 2768 haberetur
554 2708 709 2784 cognitio,
727 2706 835 2767 adhuc
857 2707 952 2769 fieret
969 2711 1053 2770 actio
1078 2729 1085 2769 :

74 2792 152 2848 tunc
171 2788 357 2865 ignorantia
380 2804 447 2849 non
467 2786 594 2848 inducit
610 2788 651 2846 ad
668 2787 867 2863 cupiendum
888 2792 926 2848 ut
941 2790 1003 2849 hoc
1018 2786 1085 2863 fiat,

73 2865 135 2927 sed
155 2868 276 2929 accidit
303 2868 401 2929 simul
427 2883 500 2928 esse
522 2865 646 2943 aliquid
674 2864 796 2927 factum
824 2872 856 2929 et
885 2868 1085 2946 ignoratum.

71 2947 185 3009 Talem
211 2949 313 3010 habet
342 2948 398 3026 qui
422 2944 575 3007 interficit
594 2947 772 3020 inimicum,
798 2963 899 3024 quem
925 2948 1088 3010 existimat

72 3042 146 3087 3333
167 3025 285 3097 feram,
311 3034 344 3088 et
368 3043 468 3104 quem
494 3031 604 3087 tamen
628 3025 836 3091 interficeret
856 3028 884 3088 si
899 3043 1085 3108 cognosce-

72 3110 122 3166 ret
135 3106 246 3182 ipsum
263 3121 337 3168 esse
352 3107 530 3168 inimicum.

111 3186 162 3245 tv.
180 3185 367 3265 Ignorantia
384 3190 494 3263 potest
516 3188 614 3248 etiarn
630 3185 811 3262 comparari
825 3185 868 3248 ad.
883 3187 1088 3249 voluntatem

71 3264 266 3342 ignorantis
290 3270 367 3325 tnnc
388 3271 439 3327 331
458 3266 555 3326 3113111
576 3265 630 3326 vel
653 3269 848 3338 antecedens,
874 3266 901 3328 si
922 3266 1089 3327 antecedit

73 3359 273 3407 consensum
287 3346 475 3420 voluntatis,
493 3349 526 3406 et
546 3345 622 3406 ideo
639 3350 689 3405 est
703 3346 935 3416 involuntaria,
949 3347 1003 3406 vel
1015 3364 1088 3407 con·

71 3440 214 3499 sequens,
236 3426 263 3486 31
281 3426 430 3503 sequitur
448 3439 647 3487 consensum
665 3425 852 3500 voluntatis
874 3432 908 3487 et
925 3425 988 3487 hoc
1010 3442 1089 3488 casu

74 3507 124 3564 est
142 3506 341 3567 voluntaria.

111 3584 300 3663 ignorantia
321 3598 531 3663 consequens
550 3584 699 3661 sequitur
719 3601 919 3646 consensum
936 3586 1086 3648 volunta·

73 3660 111 3724 tis
124 3664 195 3729 sive
212 3665 337 3729 directe
351 3665 421 3729 sive
434 3665 594 3728 indirecte
612 3684 619 3725 :
636 3665 787 3743 sequitur
800 3665 926 3729 directe
950 3682 1087 3729 consen·
