2642 4250
486 263 571 306 aaron
594 260 766 306 ornantem.
1088 246 1122 307 ll

94 369 178 431 dam
193 373 316 444 volitiO,
338 388 400 432 seu
420 370 559 433 actualis
575 371 741 432 inclinatio
758 369 934 432 voluntatis
949 370 993 432 ad
1012 371 1123 450 objec·

94 457 186 518 tum:
215 469 311 528 porro
338 451 367 511 si
390 457 579 530 cogeretur,
605 451 685 512 illud
705 452 836 512 nollet:
859 450 1003 528 ideoque
1024 453 1126 512 nollet

93 531 303 601 militonem,
328 536 360 591 et
379 534 426 592 sic
444 533 547 592 vellet
565 531 694 602 nolens,
720 536 752 591 et
770 531 873 592 nollet
890 531 1016 600 volens,
1034 530 1124 608 quod

95 615 151 671 est
169 610 341 672 evidenter
351 611 545 672 absurdum.
560 612 645 688 Ergo
662 614 800 686 «polest
812 611 911 670 homo
925 627 987 687 per
1000 610 1123 672 violen-

96 691 179 750 tiam
203 692 303 763 trahi3
326 691 386 752 sed
407 690 497 768 quod
519 693 581 752 hoc
602 694 704 752 silex
729 691 801 768 ejus
823 691 1003 761 voluntate,
1023 707 1122 768 repu-

96 777 182 847 gnat
195 772 321 846 rationi
330 771 495 834 violentiae
514 795 540 844 n,
555 775 592 833 ut
606 771 651 831 ait
666 771 697 831 S.
713 771 864 832 Thomas

97 893 145 952 15.
171 927 210 935 -
231 895 338 954 Tarsis
360 895 396 954 ll.
422 895 549 956 coactio
564 893 1054 955 obsolotovolcntotdumlollil.

105 1039 108 1046 ·
138 1010 233 1067 Noto.
257 1008 483 1069 voluntarium
506 1013 556 1068 est
575 1007 629 1068 vel
650 1010 744 1068 actus
765 1007 950 1069 immediate
973 1022 991 1065 a
1010 1009 1124 1068 volun·

96 1092 166 1146 tate
191 1085 413 1162 proficiscens
435 1089 489 1148 vel
504 1092 596 1148 actus
619 1104 638 1147 a
657 1089 827 1149 voluntate
842 1091 1021 1164 imperatus
1045 1106 1052 1147 :
1076 1088 1118 1148 de
1162 1152 1165 1158 ,

97 1167 163 1228 hoc
186 1168 300 1228 ultimo
324 1169 442 1243 agitur.

140 1247 314 1308 Probatur.
331 1247 556 1307 Voluntarium
581 1251 631 1307 est
652 1245 687 1306 id
709 1244 800 1323 quod
820 1245 964 1307 mediate
985 1247 1039 1306 vel
1058 1247 1119 1305 tm·

97 1324 242 1386 mediate
271 1326 423 1404 procedit
450 1342 468 1387 a
494 1327 680 1398 voluntate;
709 1326 800 1403 alqui
825 1327 923 1386 motio
946 1341 1022 1403 quae
1047 1324 1123 1386 fita

96 1407 259 1482 principio
288 1403 485 1476 extrinseco
514 1405 684 1466 voluntate
712 1406 796 1466 illius
828 1406 884 1483 qui
908 1405 973 1466 vim
1004 1407 1125 1482 patitur

98 1486 174 1546 totis
186 1485 308 1546 viribus
331 1487 525 1555 reluctante,
543 1485 630 1546 nullo
645 1484 746 1546 modo
758 1484 909 1560 procedit
929 1485 969 1545 ab
991 1486 1053 1547 hac
1068 1501 1123 1547 vo-

96 1565 236 1637 luntate,
260 1570 297 1624 ut
317 1581 377 1640 per
397 1581 433 1625 se
456 1569 558 1641 patet.
581 1567 665 1644 Ergo
690 1567 814 1626 coactio
836 1565 985 1626 absoluta
1006 1567 1124 1627 volun-

97 1644 219 1704 tarium
234 1646 367 1721 penitus
387 1645 479 1705 tollit.

138 1725 187 1785 16.
210 1757 250 1768 -
277 1725 457 1786 Sotiatium.
486 1724 532 1783 En
558 1721 651 1784 dictis
678 1724 834 1784 simulet
860 1740 901 1783 ex
928 1723 1120 1787 definitione

96 1803 274 1864 coactionis
290 1803 472 1864 secundum
489 1801 581 1880 quid,
602 1805 765 1883 colligitur
784 1803 969 1865 violentiam
986 1821 1116 1866 secun-

96 1882 177 1943 dum
194 1882 274 1959 quid
295 1899 361 1944 non
390 1883 524 1942 omnino
553 1884 668 1944 tollere
693 1884 923 1955 voluntarium,
953 1884 1014 1946 sed
1038 1884 1120 1946 illud

94 1963 170 2040 plus
181 1963 331 2024 minusve
351 1963 557 2023 imminuere.
1179 1984 1181 1990 ⁸

137 2045 187 2103 17.
199 2076 240 2086 -
250 2046 286 2103 ll.
303 2045 349 2102 Da
362 2061 452 2104 narn.
469 2043 573 2102 Metus
590 2048 640 2102 est
659 2045 755 2103 timor
768 2042 936 2118 praesentis
951 2044 1004 2104 vel
1018 2042 1118 2104 futuri

97 2122 181 2183 mali.
206 2124 263 2183 Est
284 2121 433 2200 quadam
454 2124 620 2192 violentia,
643 2139 711 2184 non
732 2124 880 2201 physica,
897 2126 959 2183 sed
973 2124 1117 2187 moralia.

94 2206 201 2265 Metus
222 2206 332 2278 potest
354 2219 427 2264 esse
449 2207 559 2279 pravis
579 2204 631 2263 vel
654 2203 741 2263 levir.
759 2203 849 2263 Prior
863 2205 915 2263 est
933 2220 999 2281 quo
1021 2206 1115 2265 time·

95 2298 169 2343 mus
184 2298 286 2359 grave
301 2281 434 2359 aliquod
451 2283 583 2351 malum,
606 2288 642 2343 ut
662 2287 816 2355 mortem,
841 2281 1020 2354 infamiam,
1036 2290 1115 2357 etc„

98 2378 240 2440 quorum
256 2362 371 2423 timore
390 2362 448 2423 viri
470 2368 658 2422 constantes
679 2366 878 2423 commoveri
897 2362 1015 2423 solent.
1038 2364 1117 2424 Pos-

96 2443 197 2505 terior
218 2447 269 2502 est
289 2441 343 2501 ille
365 2442 421 2519 qui
443 2442 544 2502 oritur
566 2457 605 2501 ex
627 2442 823 2517 praevisione
845 2442 921 2502 mali
942 2442 1034 2505 levis.

137 2524 194 2582 list
219 2526 330 2582 autem
358 2526 465 2583 metus
491 2525 548 2581 aut
574 2520 714 2581 obsolute
739 2524 857 2601 gravio,
893 2526 949 2582 aut
979 2522 1117 2584 relative

97 2607 225 2663 tantum
253 2622 260 2662 :
288 2602 438 2661 absolute
464 2600 568 2676 gravis
595 2600 657 2660 erit
682 2602 710 2661 si
737 2602 859 2661 malum
881 2618 923 2661 ex
944 2618 981 2662 se
1002 2600 1043 2662 sit
1063 2601 1112 2662 in·

95 2696 194 2759 gens;
218 2683 353 2742 relative
369 2679 540 2740 dumtaxat
553 2680 580 2739 si
595 2681 714 2740 malum
730 2680 821 2759 quod
837 2683 986 2742 timorem
1000 2679 1112 2754 infert,

97 2762 250 2823 mulieres
276 2766 402 2821 tantum
430 2764 463 2819 et
493 2760 577 2820 viros
607 2760 723 2819 molles
754 2761 947 2837 perturbare
978 2762 1113 2834 soleret,

98 2854 166 2900 non
189 2844 298 2901 autem
321 2841 406 2901 viros
429 2843 630 2900 constantes,

136 2920 241 2981 Metus
262 2924 372 2996 potest
394 2934 467 2980 esse
490 2920 686 2987 antecedens,
715 2920 742 2978 si
768 2924 819 2979 est
844 2936 944 2981 causa
971 2936 1029 2981 cur
1054 2920 1112 2980 ali-

99 2999 177 3077 quid
198 3000 265 3071 fiat‚
288 3014 409 3074 nempe
425 3000 452 3058 si
466 2996 570 3060 influit
583 3000 617 3058 in
632 3004 752 3065 actum,
770 3005 928 3077 tanquam
942 3000 1112 3068 motivum,

97 3096 126 3138 v.
149 3098 198 3157 g,
222 3079 318 3139 timor
336 3077 457 3157 flagelli
479 3093 620 3155 puerum
640 3077 841 3154 impellentis
862 3078 905 3140 ad
920 3078 1045 3153 studia;
1060 3080 1114 3139 vel

97 3162 323 3229 concomitatur,
346 3158 373 3219 si
393 3158 520 3219 nullum
541 3162 575 3219 in
597 3159 761 3218 actionem
785 3158 944 3220 influxum
967 3163 1113 3230 exercet,

97 3238 157 3299 sed
188 3240 293 3315 ipsam
325 3241 451 3298 tantum
483 3240 667 3304 comitatur,
696 3255 726 3298 v.
754 3254 802 3317 g,
829 3248 937 3300 metus
968 3239 1114 3318 magistri

97 3320 129 3379 in
151 3335 271 3391 pueros
293 3318 422 3378 scholas
445 3318 528 3377 clam
550 3316 712 3395 fugiente.

135 3399 240 3459 Metus
266 3396 415 3474 procedit
442 3412 461 3456 a
488 3412 586 3457 causa
615 3397 670 3457 vel
696 3398 891 3465 extrinseca,
917 3398 970 3457 vel
995 3397 1112 3458 intrin-

98 3494 189 3549 seca;
218 3479 245 3539 si
273 3476 346 3553 quis
371 3477 411 3537 ab
441 3481 576 3537 externo
606 3480 727 3553 agente
754 3476 1006 3552 trepidationem
1035 3478 1109 3556 inji-

98 3560 216 3628 ciente,
241 3555 365 3617 directe
385 3561 575 3617 moveretur
596 3556 639 3617 ad
660 3555 783 3633 aliquid
809 3555 1011 3627 faciendum,
1037 3574 1109 3618 me·

98 3643 147 3699 tus
173 3640 348 3713 caperetur
372 3635 413 3697 ab
441 3638 621 3698 extrinseco
646 3654 654 3695 :
678 3634 759 3696 illud
780 3652 884 3715 agens
905 3642 1015 3713 potest
1036 3653 1111 3700 esse
