2642 4250
447 268 550 312 nrrncn
573 270 745 313 uuuunnns
1066 257 1105 316 31

84 386 221 526 honeoslti
235 385 401 462 importat,
420 381 573 456 definitur
587 383 628 443 ab
644 386 819 447 Aristotele
833 386 876 466 (l)
889 405 896 446 :
909 387 1006 447 Recte
1020 391 1107 449 ratio

86 485 171 544 open
196 481 304 525 orum.
762 495 764 499 .

125 547 241 607 Potest
260 543 442 605 distinctius
462 541 507 602 sic
528 541 671 604 describi
691 562 699 604 τ
726 546 831 606 Virtus
849 559 914 619 quo
932 545 1109 607 intellectus

78 628 213 705 judicat
232 626 323 700 quid,
344 625 378 683 r‘o
392 621 606 700 particulari,
628 627 669 706 sit
686 625 851 685 honestum
874 629 903 684 el
920 626 1109 700 faciendum

84 707 137 768 oet
150 711 248 780 turpe
267 711 296 766 et
309 705 484 763 ortuudurc.
502 702 624 762 Dicitur
640 721 647 762 :

129 789 160 846 κ>
184 789 259 856 Quo
276 783 453 843 intellectus
466 783 604 859 judicet,
626 797 704 842 nam
723 781 766 842 ad
781 782 956 844 discrimen
970 783 1108 844 aliarum

84 866 245 926 virtutum
257 863 441 934 moralium,
449 861 638 940 subjectum
645 861 828 939 prudentia
838 865 1085 924 estintellectus
1098 883 1105 923 :

48 1013 51 1021 ,
84 948 236 1022 pertinet
260 945 346 1004 enirn
371 941 414 1003 ad
437 944 598 1003 rationem
620 946 810 1018 practicam,
833 947 865 1002 et
883 941 959 1004 ideo
978 944 1107 1005 ratione
1206 1014 1209 1019 ,

85 1025 234 1104 subjecti
249 1027 300 1084 est
314 1023 414 1083 virtus
429 1021 670 1083 intellectualis.
691 1025 925 1083 Verumtamen
945 1040 1020 1084 cum
1034 1040 1104 1085 res·

85 1106 189 1182 piciat
200 1102 603 1164 conformitatemactuum
613 1103 787 1163 moralium
799 1119 873 1163 cum
882 1103 970 1180 lege,
986 1108 1020 1163 et
1030 1119 1106 1180 sup·

85 1181 500 1264 ponatvoluntatembene
515 1180 700 1244 ordinatam
713 1183 756 1243 ad
770 1181 879 1255 finem,
895 1184 996 1244 habet
1011 1184 1107 1244 etiam

83 1266 248 1326 rationem
270 1264 397 1324 virtutis
410 1261 550 1322 moralis
850 1265 854 1270 '

125 1347 158 1406 2⁰
183 1345 267 1416 Quid
284 1346 323 1404 sit
341 1343 506 1402 honestum
522 1338 757 1402 olfaciendum
770 1341 821 1402 cel
839 1345 933 1417 turpe
948 1346 982 1403 et
1000 1344 1105 1404 vitan-

86 1423 186 1485 dum:
199 1424 334 1500 perhaec
345 1422 445 1482 verba
459 1419 622 1482 indicatur
632 1421 800 1500 objectum
811 1421 1003 1497 prudentie,
1018 1421 1109 1501 quod

86 1511 138 1566 est
159 1506 301 1568 honeste
323 1517 435 1579 agere,
459 1500 542 1562 sicut
566 1499 726 1562 aedificare
754 1501 885 1562 domum
913 1507 964 1561 est
991 1503 1106 1582 objec-

86 1590 157 1647 tum
186 1587 280 1655 artis3
310 1580 420 1642 differt
445 1581 486 1640 ab
512 1585 593 1653 arte,
623 1597 694 1658 quae
717 1583 813 1641 etiam
844 1585 895 1642 est
913 1586 1005 1643 recta
1025 1585 1107 1644 ratio

85 1665 317 1742 operabilium,
348 1679 409 1723 seu
431 1659 720 1736 recta'dispositio
751 1660 933 1721 mediorum
964 1661 1007 1722 od
1035 1678 1106 1723 rem

84 1743 316 1825 peragendam
355 1741 561 1813 idoneorum,
595 1744 759 1817 quatenus
793 1741 846 1802 hic
876 1757 934 1818 per
962 1738 1107 1805 factibile

83 1825 179 1886 venit
190 1839 273 1900 opus
283 1823 419 1889 morale,
432 1837 493 1880 seu
503 1822 585 1880 actio
601 1820 732 1899 legibus
746 1820 924 1882 moralibus
941 1837 1105 1882 consona:

84 1905 180 1966 unde
203 1921 255 1964 ars
278 1901 393 1962 dicitur
413 1898 537 1962 versari
558 1900 642 1960 circa
661 1901 840 1976 fucltbitr'e,
864 1906 896 1961 et
917 1901 1105 1978 prudentia,

87 1987 176 2046 circa
197 1983 343 2060 opidittu.

127 2065 161 2127 3⁰
181 2066 218 2122 lo
235 2059 436 2139 particulari
455 2079 465 2119 :
485 2058 663 2120 Prudentia
683 2062 832 2121 versatur
854 2061 938 2120 circa
959 2061 1107 2122 actiones

85 2145 286 2224 singulares,
317 2142 379 2201 Per
408 2141 550 2201 Ethicam
583 2140 770 2201 intellectus
796 2140 925 2219 judicat
955 2141 1034 2217 quid
1066 2141 1108 2201 sit

83 2224 264 2286 honestum
284 2222 339 2282 vel
360 2225 455 2297 turpe
477 2222 511 2281 in
532 2236 669 2298 genere,
693 2218 754 2281 sed
776 2235 843 2280 non
865 2220 1039 2282 descendit
1064 2220 1107 2282 ad

84 2305 302 2381 particulares
329 2302 587 2361 circumstantias
615 2304 648 2360 et
673 2300 821 2361 actiones
848 2301 1048 2377 singulares;
1072 2299 1107 2361 id

86 2384 177 2445 enim
205 2384 338 2459 praestat
364 2380 552 2457 prudentia,
585 2395 655 2458 que
682 2380 851 2457 generalia
878 2381 995 2442 Ethicae
1027 2397 1106 2457 prae·

86 2469 197 2541 cepta,
220 2462 349 2523 statutis
364 2460 602 2530 occasionibus
627 2458 670 2520 ad
690 2460 814 2536 praxim
838 2458 957 2539 dirigit.

125 2545 176 2605 58.
201 2544 340 2603 -Tres
362 2544 438 2601 sunt
459 2538 684 2617 generaliores
705 2544 799 2601 actus
819 2539 1012 2617 prudentia.
1041 2540 1105 2601 De·

83 2624 260 2686 betenim:

129 2706 157 2765 1ο
171 2708 257 2764 Beue
278 2699 468 2771 consultore,
491 2696 690 2775 inquirendo
711 2698 822 2762 media
843 2704 876 2760 et
898 2698 1106 2760 circumstan-

86 2784 148 2845 tias
169 2788 207 2845 ut
228 2798 313 2859 opus
333 2780 473 2840 honeste
494 2776 564 2851 fiat3
587 2782 699 2856 partes
722 2794 802 2859 ergo
826 2779 898 2859 ejus
919 2785 996 2839 sunt
1016 2779 1106 2841 inve·

85 2865 157 2925 nire
172 2860 320 2924 medium
334 2859 414 2919 illud
429 2860 462 2919 in
478 2874 542 2936 quo
564 2862 652 2919 stant
669 2860 808 2920 virtutes
826 2859 968 2920 morales
990 2858 1064 2936 (52).

125 2945 158 3005 2⁰
172 2946 266 3005 Recte
277 2942 438 3018 iudicare,
457 2938 697 3001 consultatione
712 2943 857 3016 peracta,
875 2936 1105 3001 concludendo

85 3026 162 3101 post
185 3021 435 3099 inquisitionem
460 3016 551 3096 quid,
578 3033 687 3094 quove
706 3018 817 3090 mode,
837 3018 922 3090 loco,
946 3022 1106 3095 ternpore,

86 3105 163 3175 etc„
185 3100 357 3181 agendum
370 3100 421 3169 sit,
440 3103 478 3158 ut
499 3114 583 3174 opus
602 3097 644 3158 ad
664 3113 815 3160 normam
832 3099 1015 3159 honestatis
1033 3095 1104 3169 fiat;

84 3182 163 3243 inde
185 3181 342 3261 proponit
362 3178 504 3239 medium
523 3178 700 3239 virtutibus
718 3179 912 3253 moralibus3
935 3178 1025 3238 hisce
1045 3175 1107 3237 vir-

85 3262 210 3324 tutibus
236 3277 306 3321 non
331 3258 510 3335 praescribit
534 3256 647 3332 finem,
675 3257 737 3320 scd
763 3261 889 3319 tantum
911 3255 1042 3335 judicat
1064 3256 1107 3319 de

85 3342 204 3405 mediis
227 3358 300 3419 quae
323 3338 457 3401 detexit.
836 3382 839 3387 .

125 3424 158 3485 3⁰
181 3425 275 3484 Recte
294 3422 478 3495 imperare,
507 3417 598 3495 quod
617 3415 689 3478 fieri
709 3420 820 3495 potest
838 3433 902 3493 per
919 3416 1027 3493 ipsum
1049 3432 1106 3478 ac-

86 3507 157 3564 tum
175 3500 307 3583 judicii,
335 3515 399 3577 quo
429 3496 576 3575 prudens
594 3497 721 3577 judicat
740 3498 803 3560 hoc
826 3512 910 3575 opus
929 3497 964 3557 in
985 3496 1106 3558 talibus

118 3677 153 3741 u>
166 3677 197 3727 o.
210 3676 236 3735 c,
251 3673 336 3726 niue.
347 3688 370 3724 a.
380 3673 404 3723 5.
