2642 4250
423 339 427 346 ·
477 326 568 370 INDEX
589 324 784 370 SYNOPTICUS.

123 441 255 514 possunt
267 440 359 510 iustae
372 440 422 497 vel
435 442 568 512 injustam
578 445 609 497 20
622 456 698 512 pars
709 440 826 497 eruitur
835 455 872 496 ex
882 438 1058 495 diversitate

125 517 159 569 et
178 513 376 568 mutabilitate
390 513 572 583 opinionum.

159 587 273 640 Tussis
287 585 319 640 ΙΙ.
336 583 456 656 Reputo
469 582 662 639 moralitatis
679 581 792 652 reponi
813 579 925 652 nequit
940 579 977 634 in
995 577 1056 634 ati-

124 670 191 724 quo
220 655 380 711 instinctu
407 670 463 710 seu
490 670 586 710 sensu
607 654 722 709 morati
743 653 902 721 orparrieo.
924 653 1056 722 Namque

127 729 158 781 10
183 724 324 781 discretio
345 727 425 781 inter
447 725 558 781 bonum
581 730 613 780 et
630 727 740 781 malum
756 723 868 780 morale
883 737 942 778 non
956 725 1058 793 potest

125 809 194 852 esse
221 796 281 851 nisi
309 797 438 865 cognitio
466 797 684 867 intellectualis,
713 800 744 852 20
769 808 875 850 sensus
893 805 1058 864 corporeus

126 881 188 922 non
197 869 297 937 potest
307 865 477 922 discernere
487 869 544 922 nisi
553 882 608 938 per
618 869 778 923 motionem
788 865 983 935 corporalem,
993 867 1059 918 tan·

125 937 250 1066 {ilem-3⁰
264 937 342 993 idem
357 951 463 994 sensus
477 953 536 993 non
551 941 597 993 est
610 938 781 1002 conformis
798 937 888 992 etiam
901 936 933 991 in
951 935 1058 990 eodem

149 1023 257 1064 omme.
1009 1059 1011 1068 ,

163 1083 275 1135 Tenem
295 1082 339 1136 ΠΙ.
365 1078 457 1135 Ratio
485 1077 628 1135 humana
656 1096 720 1134 nora
740 1081 785 1135 est
813 1079 986 1133 autonoma
1018 1075 1058 1130 in

126 1149 315 1205 stabilienda
346 1150 524 1205 moralitate
538 1154 666 1205 actuum
688 1150 920 1206 humanorum.
941 1147 1058 1204 Etenim

129 1220 395 1290 irratiohumana,
407 1221 557 1292 sicutipse
568 1223 665 1290 home,
677 1226 724 1277 est
744 1219 924 1290 dependens,
941 1231 1059 1274 necnon

126 1296 159 1347 20
173 1292 272 1361 debet,
292 1307 351 1347 non
374 1294 565 1360 constituere,
582 1293 633 1348 sed
653 1293 767 1348 reterre
785 1305 871 1346 suum
892 1290 1052 1360 objectum.

163 1362 342 1418 Sotiatium.
372 1364 511 1419 Doctrina
530 1364 712 1430 derationis
732 1359 902 1419 autonoinia
925 1362 972 1415 est
994 1373 1061 1414 sur·

127 1434 214 1490 culus
228 1435 418 1489 Pantheismi.

163 1507 276 1560 Tussis
289 1507 334 1561 IV.
352 1505 465 1560 Libera
481 1505 533 1559 Dei
549 1504 697 1559 voluptas
712 1520 779 1560 pon
790 1507 833 1560 est
848 1503 964 1559 unicus
979 1500 1052 1572 [cns

129 1575 329 1632 moralitatis,
371 1578 443 1631 Nam
472 1577 624 1631 moralitas
656 1579 703 1632 est
730 1574 887 1647 aliquando
919 1573 1056 1630 absolute

127 1647 325 1703 determinata
340 1648 377 1702 ad
390 1662 492 1703 unum.

164 1721 275 1773 Tussis
327 1721 360 1773 V.
407 1717 580 1772 Actionem
620 1717 838 1772 humanarum
891 1715 1058 1772 moralitas

130 1790 160 1844 ¹⁰
193 1788 375 1844 immediate
406 1790 520 1859 pendet
547 1789 585 1844 ab
613 1789 728 1844 ordine
755 1789 905 1856 obiectirro
934 1801 1055 1856 rerum,

128 1860 160 1914 2⁰
170 1859 307 1915 mediate
316 1862 423 1914 autem
438 1861 476 1914 ab
486 1860 600 1914 ordine
615 1859 735 1915 divinae
746 1860 907 1928 sequentiae
926 1864 954 1912 et
965 1855 1057 1913 boni-

130 1931 214 1985 tatis.
231 1931 393 1986 -Etenim
409 1934 438 1987 10
453 1931 605 1985 moralitas
619 1935 666 1986 est
680 1931 887 1986 convenientia
906 1929 1057 1986 actionum

128 2016 198 2056 cum
213 2005 321 2057 natura
335 2001 413 2057 entis
427 2001 593 2072 operantis;
610 2006 641 2057 2⁰
655 2003 718 2057 haec
733 2002 838 2056 relatio
853 2004 973 2056 actuum
988 2013 1057 2054 cum

128 2076 249 2143 natura,
272 2087 325 2128 seu
354 2073 401 2129 hic
424 2074 498 2129 ordo
522 2072 689 2142 obJectivus
708 2075 771 2144 ipse
793 2072 903 2144 pendet
925 2071 1058 2129 adivina

129 2144 276 2215 sapientia
291 2146 321 2199 et
334 2144 476 2199 bonitate.

167 2214 349 2270 Corollaria.
366 2216 442 2285 Ergo
459 2218 487 2271 10
501 2215 643 2285 primaria
657 2216 774 2271 bonitas
789 2217 909 2272 moralis
923 2213 1058 2271 desumi-

128 2288 181 2410 turtr
200 2285 254 2367 ⁸ab
282 2286 411 2358 object03
438 2290 470 2342 20
502 2287 654 2341 moralitas
687 2288 777 2342 etiam
810 2288 894 2343 venit
925 2302 961 2342 ex
998 2286 1059 2343 fine

111 2370 166 2414 ex
180 2370 307 2411 rinseoo.

128 2484 148 2544 ὃ
178 2480 211 2535 11.
240 2481 281 2535 De
303 2482 448 2550 conceptu
471 2484 502 2535 et
525 2479 669 2536 divisione
698 2480 908 2553 principiorum
937 2480 1059 2537 directi·

558 2567 673 2607 vorum.

165 2672 347 2744 Principium
364 2674 534 2744 proximum
562 2678 609 2729 est
632 2676 695 2745 ipsa
720 2676 807 2746 ratio,
827 2678 986 2745 remotum,
1008 2675 1058 2730 lex

129 2746 253 2815 esterna,
287 2758 345 2813 qua
378 2744 557 2800 informatur
592 2748 772 2817 principium
799 2747 979 2818 proximum.
1017 2748 1058 2801 At

129 2815 241 2870 honum
255 2818 285 2870 et
299 2814 367 2869 finis
381 2818 451 2870 sunt
469 2817 613 2887 principia
628 2817 795 2872 allicientia.
808 2817 933 2888 ideoque
946 2818 1058 2874 habent

128 2886 278 3011 {ationem
296 2886 416 2941 termini
427 2887 581 2959 assignati,
606 2888 675 2943 inde
690 2892 720 2943 et
738 2888 875 2958 principii
900 2903 953 2943 suo
969 2890 1058 2944 modo

152 2956 277 3013 ‘reetivi
368 2962 370 2966 “

514 3082 712 3139 ARTICULUS
731 3082 762 3139 11.

381 3203 421 3257 De
432 3204 584 3273 principiis
606 3206 750 3258 directior'a
769 3206 801 3257 in
815 3207 909 3271 specie.

425 3334 479 3398 51.
495 3335 536 3386 De
549 3330 700 3402 principiis
719 3331 859 3386 externis

560 3455 581 3504 1.
600 3454 637 3504 De
651 3453 709 3503 fine.

162 3568 271 3636 Agitur
286 3567 323 3624 de
337 3566 396 3623 fine
410 3568 526 3637 ultimo,
541 3581 600 3623 non
616 3567 781 3638 apparenti,
798 3564 850 3622 sed
865 3578 946 3621 vero.

164 3640 275 3694 Tussis
295 3642 316 3695 Ι.
341 3639 441 3695 Habet
462 3639 556 3694 homo
571 3639 711 3710 aliquem
733 3638 831 3706 tinem
846 3636 998 3692 ultimum
1025 3637 1057 3690 et

127 3710 263 3782 quictem
283 3710 432 3767 unicum.
454 3712 538 3783 Nam,
553 3708 651 3783 quoad
667 3712 808 3781 primam
834 3710 969 3782 partem,
994 3721 1058 3763 non

1083 301 1143 364 25⁴1

1108 509 1145 566 tt

1112 1289 1148 1342 tu

1111 1427 1148 1484 tt

1111 1641 1149 1696 47

1109 3564 1148 3619 52

1241 3778 1293 3814 ..Μ
1317 3786 1318 3814 r
