2642 4250
457 277 561 321 urbica
582 276 755 320 Grunnius,
1092 256 1114 316 7

94 389 283 466 expeditior
296 388 331 452 fit
340 390 374 451 id
387 395 480 452 acius
493 391 727 452 determinatos
742 390 995 468 producendum
1011 409 1019 451 :
1035 389 1112 451 hinc

94 485 242 546 praesens
262 475 359 546 caput
378 470 583 534 distribuitur
600 472 634 531 in
654 471 737 533 duos
752 472 905 532 articulos
922 491 929 532 :
948 474 977 532 10
993 471 1054 531 erit
1069 468 1111 531 de

93 551 264 612 voluntate
277 552 398 622 libera;
415 554 446 614 20
462 551 503 613 de
518 552 692 616 virtutibus
707 556 740 612 et
752 551 848 614 vitiis.

470 707 687 769 ARTlCULUS
712 709 733 769 Ι.

483 861 530 918 Dc
550 855 724 917 voluntate.

135 995 165 1055 6.
188 1029 227 1040 -
248 996 405 1058 Voluntas
426 996 626 1060 considerari
650 1002 761 1075 potest
786 999 815 1058 10
840 1002 1004 1076 quatenus
1027 995 1109 1064 vult,

95 1089 219 1150 nempe
235 1077 455 1140 abstractione
474 1075 561 1139 facta
582 1078 751 1152 libertatis,
779 1094 850 1155 qua
868 1090 936 1138 non
954 1091 991 1136 se
1009 1073 1113 1136 refert

94 1154 193 1214 unice
210 1155 252 1216 ad
266 1157 479 1226 voluntatem,
496 1157 662 1234 siquidem
678 1158 751 1236 ejus
772 1172 871 1218 causa
890 1160 940 1216 est
957 1156 1050 1228 ratio,
1075 1159 1109 1214 et

94 1235 285 1311 subjectum
299 1238 449 1298 voluntas
464 1236 515 1316 (ll,
532 1236 617 1314 303);
634 1239 666 1297 20
680 1242 843 1315 quatenus
857 1236 972 1307 libera,
988 1250 1110 1311 nempe

94 1313 128 1372 in
153 1320 314 1390 quantum
339 1320 482 1394 seipsam
506 1316 702 1377 determinat
727 1331 802 1377 cum
820 1316 965 1393 potentia
984 1313 1027 1374 ad
1048 1330 1108 1389 op-

94 1395 249 1468 positum.
282 1397 395 1473 ltaque
424 1412 562 1474 agemus
595 1401 621 1455 l⁰
646 1397 689 1456 de
715 1398 896 1458 voluntario
923 1394 1112 1470 simpliciter

94 1479 247 1549 sumpto;
264 1477 297 1535 20
321 1475 501 1549 delibero,
528 1475 618 1554 quod
643 1480 694 1536 est
717 1475 852 1554 aliquod
878 1475 1109 1547 voluntarium,

95 1553 155 1612 sub
173 1555 331 1629 peculiari
345 1557 472 1616 ratione
487 1557 682 1634 inspectum,
703 1555 849 1635 indeque
869 1553 1017 1616 secundo
1036 1553 1109 1616 loco

95 1634 351 1696 enucleandum.
611 1654 615 1662 ·

136 1713 364 1777 voluntarium
384 1719 417 1775 et
434 1716 575 1777 liberum
589 1717 676 1776 inter
689 1730 726 1775 se
742 1713 898 1775 differunt
911 1714 1015 1774 tribus
1028 1728 1108 1788 prae-

95 1793 194 1868 cipue
213 1795 321 1856 modis
342 1815 349 1855 :
374 1798 402 1857 10
416 1796 638 1858 Voluntarium
654 1794 797 1855 admittit
810 1795 1045 1855 necessitatem
1060 1791 1113 1851 cui

95 1878 264 1952 repugnat
281 1875 435 1948 liberum;
459 1877 491 1937 20
509 1876 728 1937 voluntarium
747 1875 844 1936 latius
859 1877 950 1950 patet
965 1888 1061 1950 quam
1077 1870 1113 1933 li·

95 1952 234 2027 berum;
259 1955 292 2015 3⁰
316 1953 349 2016 in
368 1969 434 2015 uno
456 1957 641 2033 eodemque
662 1960 749 2026 actu,
771 1953 827 2032 qui
849 1955 946 2015 simul
969 1952 1054 2015 liber
1078 1956 1113 2011 et

94 2033 299 2095 voluntarius
318 2040 377 2106 est,
398 2033 468 2097 fieri
487 2039 598 2111 potest
615 2040 652 2096 ut
666 2038 828 2110 augeatur
841 2033 1059 2096 voluntarium
1075 2033 1110 2092 et

94 2113 263 2175 minuatur
277 2115 426 2187 liberum,
441 2119 479 2176 ut
493 2119 605 2193 postea
622 2115 848 2176 ostendemus.

453 2242 471 2303 ἓ
485 2240 505 2293 Ι.
522 2240 563 2293 De
577 2237 757 2293 voluntario.

280 2340 300 2389 Ι.
317 2340 463 2391 Voluntarii
481 2345 507 2391 et
520 2339 686 2390 involuntarii
699 2339 771 2390 notio
784 2344 810 2389 et
823 2337 925 2390 divisio.

132 2449 165 2507 7.
187 2479 225 2489 -
245 2446 551 2509 Voluntariinomen
567 2465 585 2509 a
604 2449 771 2509 voluntate
792 2446 966 2520 derivatur,
984 2464 1022 2508 ac
1037 2446 1114 2507 sub·

94 2525 173 2587 inde
190 2526 288 2587 estid
310 2527 400 2603 quod
415 2528 565 2605 procedit
579 2544 597 2588 a
612 2530 791 2603 voluntate,
822 2532 987 2605 quatenus
997 2527 1113 2588 volun-

97 2611 146 2666 tas
166 2610 218 2665 est
241 2605 290 2686 (ll,
312 2607 403 2685 302);
424 2608 650 2685 propriissime
678 2613 856 2684 usurpatur
874 2624 933 2683 pro
958 2622 998 2667 eo
1024 2607 1114 2666 omni

95 2690 172 2747 actu
197 2692 230 2747 et
253 2692 345 2747 motu
369 2690 475 2748 elicito
501 2692 558 2747 aut
581 2688 742 2763 imperato
767 2704 786 2748 a
809 2688 987 2749 voluntate.
1012 2688 1113 2747 Actus

95 2766 196 2827 eliciti
216 2765 380 2839 dicuntur,
403 2767 459 2844 qui
478 2767 518 2827 ab
538 2768 610 2844 ipsa
628 2768 794 2830 voluntate
809 2766 998 2827 immediate
1012 2763 1110 2842 profi·

95 2848 273 2918 ciscuntur,
291 2851 445 2924 tanquam
461 2846 607 2908 actiones
624 2848 696 2926 ejus
711 2850 847 2924 propria
863 2866 872 2907 t
890 2863 919 2907 v.
936 2863 984 2925 g„
1001 2861 1110 2919 amor;

96 2932 187 2985 actus
208 2926 360 3001 imperati
379 2930 454 2986 sunt
474 2928 530 3003 qui
550 2927 589 2987 ab
611 2930 681 2989 aliis
695 2926 904 2988 facultatibus
925 2926 1110 2995 eliciuntur,

96 3022 136 3065 ex
163 3005 303 3081 imperio
332 3011 365 3066 et
393 3006 612 3082 applicatione
640 3008 819 3069 voluntatis
847 3026 854 3066 ε
883 3024 915 3067 v.
945 3023 978 3085 g.
1008 3003 1111 3082 loqui,

95 3084 321 3145 deambulare.

133 3167 232 3224 Actus
249 3165 411 3241 imperati,
431 3164 483 3224 alii
502 3171 578 3227 sunt
595 3166 724 3237 interni,
745 3171 781 3226 ut
799 3165 933 3245 quando
957 3165 1112 3226 voluntas

94 3244 268 3305 facultates
296 3247 454 3315 internae,
480 3251 558 3320 puta
584 3246 798 3318 intellectum,
827 3245 1111 3323 imaginationem,

93 3326 238 3401 applicat
257 3322 299 3384 ad
319 3323 488 3402 agendum
511 3342 565 3387 εν.
581 3341 629 3404 g.‚
652 3328 809 3405 cogitare,
829 3323 950 3386 faciem
974 3322 1112 3401 alicujus

93 3407 141 3464 rei
156 3402 330 3480 phantasia
342 3409 593 3481 repraesentare3
611 3405 665 3465 alii
681 3408 819 3475 externi,
834 3411 871 3466 ut
885 3420 988 3483 quum
998 3403 1112 3465 volun·

95 3489 143 3543 tas
156 3499 275 3543 sensus
290 3489 445 3544 externos
460 3488 516 3544 aut
528 3487 594 3546 vim
608 3488 778 3548 motricem
793 3484 836 3545 ad
851 3490 959 3545 actum
973 3487 1088 3545 movet
1103 3500 1110 3541 :
1193 3491 1196 3497 ’

96 3581 126 3623 v.
145 3579 194 3639 g.‚
209 3563 313 3639 loqui,
331 3564 513 3624 ambulare.

135 3644 167 3704 8.
184 3676 224 3685 -
238 3644 465 3707 voluntarium
481 3642 642 3707 dividitur.
