2642 4250
43 3680 51 3697 =¹
71 3668 74 3671 ⁴

46 3710 50 3715 ι
85 3700 124 3727 5⁴.*

117 3729 142 3749 Η,

248 252 305 316 190
545 272 725 316 serviantur
756 270 963 314 ruitosormn

246 387 322 445 tatis
345 381 525 456 exterioris,
550 400 589 445 ac
610 383 750 462 proinde
774 382 825 443 sui
846 381 955 455 oflicii,
978 382 1112 460 spoliari
1132 384 1170 446 ab
1193 387 1250 446 ali-

245 482 311 543 quo
334 465 482 540 principe
497 470 621 542 posset,
640 465 757 525 saltem
772 463 815 524 ad
831 468 972 539 tempus.
1173 493 1176 500 ,

283 548 314 605 2⁰
337 544 370 604 Si
385 559 501 605 omnes
522 549 642 622 gentes
662 542 817 604 fiduciam
832 558 929 620 aeque
952 558 1018 602 non
1040 541 1197 603 haberent
1218 545 1250 603 in

242 622 399 685 Pontifice
422 641 589 700 supremo
615 627 672 701 qui
696 639 811 684 omnes
837 621 1034 683 moderandi
1056 635 1175 683 munus
1193 624 1248 682 ha·

243 705 312 776 bet,
327 703 401 781 ejus
414 705 609 780 gubernatio
626 708 783 780 suspecta
798 709 902 774 esset3
921 704 1045 763 etenim
1059 717 1128 762 non
1142 717 1252 762 omnes
1290 702 1291 788 l

245 784 444 861 obsequenti
460 800 498 843 ac
514 783 654 845 candido
671 785 778 843 animo
797 783 868 861 ejus
886 782 980 861 leges
1002 783 1198 857 acciperent,
1215 800 1250 842 ac

244 863 385 940 proinde
417 863 599 938 periculum
633 865 746 923 salutis
778 879 836 938 pro
859 863 1023 939 aliquibus
1050 867 1247 923 nasceretur.

243 946 285 1003 At
306 944 377 1002 sine
394 943 475 1003 civili
492 943 687 1018 principatu,
705 958 819 1002 omnes
834 944 947 1019 populi
971 944 1061 1002 certo
1077 951 1145 1000 non
1159 956 1250 1017 aeque

242 1023 406 1082 haberent
427 1020 595 1091 fiduciam;
621 1040 709 1092 nam,
732 1023 844 1100 regnis
860 1022 982 1096 divisis
998 1019 1094 1082 fieret
1115 1023 1151 1080 ut
1171 1023 1251 1098 prin·

244 1118 323 1180 ceps
345 1103 397 1162 cui
422 1103 587 1162 Romanus
619 1099 767 1163 Pontifex
781 1101 932 1163 subditus
945 1099 1043 1172 foret,
1065 1099 1158 1160 adse
1180 1117 1251 1161 eum
1291 1113 1292 1118 ’

244 1185 372 1242 trabere
394 1183 505 1253 vellet,
539 1187 572 1240 et
601 1183 801 1259 quandoque
830 1180 975 1243 adhibita
1003 1181 1034 1240 vi
1062 1181 1175 1241 morali
1203 1183 1252 1241 vel

244 1264 343 1322 etiam
365 1263 501 1341 physica
531 1263 702 1322 niteretur.
741 1262 820 1322 lnde
852 1263 905 1322 alii
936 1261 1113 1338 principes,
1146 1266 1250 1320 contra

241 1345 386 1418 priorem
421 1341 638 1412 debellantes
671 1342 898 1402 auctoritatem
929 1341 1066 1402 ltomani
1096 1339 1252 1402 Pontificis
1292 1375 1293 1406 2

246 1426 403 1498 tanquam
419 1422 568 1480 libertate
584 1423 700 1488 orbati,
719 1421 937 1498 despicerent.

280 1503 444 1561 Probatur
478 1503 513 1560 ll.
545 1503 709 1561 Romanus
737 1499 885 1561 Pontifex
915 1505 964 1561 est
991 1500 1078 1560 inter
1108 1499 1252 1560 homines

242 1586 433 1642 concretum
463 1581 664 1641 elementum
699 1579 844 1642 divinum
879 1598 896 1641 a
933 1580 1057 1640 Christo
1094 1579 1251 1648 relictum,

243 1665 275 1719 et
305 1662 420 1738 regula
444 1660 596 1721 directiva
618 1660 742 1722 ordinis
773 1660 904 1722 moralis
927 1664 959 1719 et
981 1659 1250 1736 supernaturalis;

240 1740 354 1817 itaque
383 1741 575 1801 auctoritate
598 1743 720 1816 potitus
752 1745 802 1800 est
828 1742 880 1801 cui
903 1739 1120 1818 subjiciuntur
1142 1755 1252 1798 omnes

239 1819 403 1881 homines.
427 1822 523 1882 Porro
546 1820 573 1880 si
601 1821 785 1898 principatu
813 1820 983 1896 temporali
1011 1817 1251 1888 destitueretur,

237 1899 308 1977 jam
331 1906 441 1960 rector
461 1916 635 1977 supremus
657 1901 698 1961 ab
726 1897 933 1961 inferioribus
956 1898 1164 1975 dirigeretur,
1196 1914 1253 1956 seu

239 1980 443 2058 gubernatus
458 1983 714 2058 gubernatorem
730 1987 871 2058 regeret,
891 1981 1092 2039 elementum
1113 1977 1252 2038 divinum

240 2059 281 2119 ab
303 2061 446 2121 humano
478 2059 651 2137 penderet,
687 2063 719 2119 et
749 2060 925 2120 auctoritas
957 2059 1103 2136 supremi
1135 2057 1252 2119 ordinis

240 2143 423 2202 auctoritati
453 2140 577 2200 ordinis
608 2139 769 2201 inferioris
790 2141 932 2201 obnoxia
957 2137 1054 2210 foret,
1091 2136 1181 2215 quod
1207 2142 1253 2196 est

239 2220 430 2281 absurdum.
453 2221 550 2297 lirgo.
750 2234 752 2245 ·
1295 2248 1296 2273 ;

280 2301 348 2361 319.
375 2334 410 2342 -
433 2300 612 2360 Scltoliorrt.
635 2300 702 2359 Neo
717 2300 803 2359 valet
819 2298 978 2378 effugium
994 2296 1084 2374 quod
1104 2298 1138 2357 in
1154 2296 1251 2357 cicili-

240 2381 298 2440 bos
314 2385 440 2440 tantum
463 2385 495 2438 et
510 2381 544 2439 in
564 2380 796 2455 temporalibus
817 2380 981 2439 Romanus
1002 2376 1152 2439 Pontifex
1165 2382 1251 2436 esset

239 2460 404 2527 subditus,
429 2457 507 2518 dum
538 2460 571 2518 in
602 2458 765 2534 reltpiosr‘s
785 2458 927 2535 negotiis
956 2465 1045 2520 esset
1070 2458 1248 2535 superior:

239 2555 317 2599 nam
339 2539 381 2599 ad
402 2536 525 2597 factum
548 2537 638 2615 quod
661 2540 790 2610 attinet,
815 2536 951 2598 evidens
974 2542 1025 2599 est
1039 2537 1130 2596 illum
1148 2537 1250 2597 domi-

239 2624 354 2678 natum
375 2622 408 2678 in
423 2618 563 2696 negotiis
579 2618 741 2695 religiosis
762 2616 851 2679 nullo
874 2618 972 2679 modo
990 2620 1139 2678 exerceri
1153 2632 1250 2694 posse

241 2714 304 2758 seu
324 2700 448 2759 nullam
462 2698 568 2759 sortiri
590 2699 775 2759 realitatem
797 2702 968 2758 externam
992 2698 1055 2758 nisi
1068 2696 1102 2757 id
1117 2696 1251 2773 permit-

242 2781 289 2837 tat
310 2783 456 2854 potestas
473 2778 572 2839 civilis
597 2797 604 2836 :
627 2778 741 2854 itaque
766 2778 865 2839 etiam
886 2778 919 2837 in
946 2777 1108 2856 religiosis
1129 2791 1249 2854 regen-

242 2857 292 2919 dis
306 2859 471 2919 Romanus
484 2856 633 2918 Pontifex
648 2861 736 2917 esset
758 2856 1016 2935 dependens-
1032 2857 1063 2917 Si
1074 2856 1130 2934 jus
1145 2859 1251 2933 ipsunt

241 2938 502 3007 consideremus,
537 2938 622 2996 hanc
650 2934 813 2997 fallaciam
845 2938 966 2997 iterum
997 2935 1251 2998 denudabimus.

240 3016 367 3078 Etenim
391 3020 419 3078 1ο
440 3016 520 3077 ordo
537 3017 637 3078 civilis
659 3016 767 3078 ordini
790 3017 902 3077 morali
918 3017 1078 3095 subjacet,
1102 3016 1248 3092 ideoque

242 3096 323 3158 ordo
339 3097 441 3158 civilis
456 3114 517 3174 per
538 3114 574 3157 se
587 3112 655 3157 non
679 3101 729 3157 est
743 3096 892 3159 absolute
906 3095 1139 3173 independens
1155 3112 1173 3156 a
1196 3111 1253 3154 su-

237 3193 355 3253 prema
376 3178 491 3255 regula
509 3177 606 3237 totius
628 3175 753 3239 ordinis
766 3177 914 3248 moralis;
938 3179 970 3237 2⁰
983 3175 1063 3236 ordo
1079 3176 1255 3254 religiosus

239 3272 259 3317 a
281 3256 363 3318 civili
386 3261 419 3318 el
433 3256 604 3333 temporali
624 3260 815 3332 nonpotest
828 3258 962 3317 realiter
983 3256 1127 3331 separari
1152 3273 1158 3313 :
1184 3255 1252 3314 cul·

240 3339 293 3398 tus
309 3341 467 3397 externus
482 3340 516 3396 et
530 3336 694 3413 publicus
710 3335 820 3397 media
837 3335 880 3397 ad
896 3336 1020 3396 cultum
1036 3338 1069 3395 et
1090 3337 1253 3397 ministro-

238 3432 314 3477 rum
334 3417 503 3495 religionis
523 3415 712 3477 necessaria
734 3416 906 3478 involvunt
926 3420 1020 3475 actus
1042 3422 1075 3475 et
1096 3430 1150 3475 res
1171 3418 1254 3475 tem-

239 3497 370 3573 porales
398 3504 510 3574 atque*
523 3494 644 3557 civiles.
676 3496 760 3573 Ergo
786 3494 887 3556 futilis
909 3500 943 3557 et
962 3494 1100 3557 ridicula
1122 3497 1172 3555 est
1185 3494 1253 3555 haer

242 3574 424 3639 distributio
441 3576 649 3654 objectorum
669 3574 853 3653 potestatis.
1238 3610 1241 3615 ·

223 3684 226 3688 <
280 3654 446 3718 Praeterea
466 3654 629 3717 distinctio
654 3654 819 3733 praedicta
834 3656 921 3718 inter
942 3654 1079 3735 negotia
1098 3652 1254 3733 religiosa
