2642 4250
192 236 232 294 32
495 255 675 298 1111111111
696 256 898 298 1111111111

192 363 356 444 adjunctis
388 381 461 428 esse
492 365 693 429 faciendum.
726 369 793 429 Hoc
823 370 970 430 ultimum
998 366 1117 434 munus
1144 391 1214 436 non

193 452 241 507 est
275 449 447 521 imperium
487 450 618 522 proprie
658 449 792 522 dictum,
830 449 891 511 sed
925 453 996 526 ipsa
1037 456 1214 516 causalitas

193 541 294 605 quam
313 526 415 586 habet
435 533 527 587 actus
545 528 661 608 Judicii
683 530 716 589 in
737 535 844 588 actum
866 529 1053 593 voluntatis.

231 607 282 668 59.
300 639 338 648 -
353 611 399 666 De
410 610 556 678 partibas
566 608 799 684 potentiatibas
810 612 1003 683 prudentie.
1024 613 1136 674 Partes
1152 630 1213 690 po·

194 687 346 746 tentiales
358 690 434 746 sunt
445 687 591 763 quaedam
607 692 755 759 virtutes,
775 688 936 765 quaelicet
951 706 1018 751 non
1034 697 1135 753 totam
1149 696 1213 756 vir·

194 769 271 826 tutis
299 768 485 843 principalis
510 769 672 830 rationem
700 768 909 845 participent,
933 770 1071 832 adeam
1102 778 1214 834 tamen

194 845 356 908 accedere
377 845 541 908 videntur.

234 927 370 1003 Propter
396 931 463 986 tres
487 926 674 987 functiones
705 927 858 1002 superius
885 938 1105 1003 enumeratas,
1135 948 1213 1008 pru·

195 1005 307 1067 dantia
322 1011 476 1082 tanquam
487 1012 600 1082 partes
609 1007 803 1080 potentiales
815 1006 985 1069 includere
1002 1009 1114 1085 debet,
1131 1013 1211 1091 jux·

194 1093 226 1146 ta
249 1087 280 1146 S.
304 1087 455 1146 Thomam
481 1104 488 1144 ε
515 1087 543 1144 10
568 1085 734 1146 cabaliam
759 1093 902 1163 quaeest
923 1089 1054 1150 habitus
1076 1092 1213 1168 quidam

192 1166 354 1227 inclinans
381 1164 424 1224 ad
453 1169 543 1244 recte
578 1165 831 1225 consultandum
857 1167 899 1227 de
927 1169 1046 1231 mediis
1072 1171 1214 1232 honesto

193 1244 250 1306 fini
281 1242 490 1322 assequendo
513 1244 654 1315 idoneis,
684 1261 745 1304 seu
777 1246 878 1306 virtus
904 1247 989 1309 circa
1015 1267 1054 1310 ea
1082 1268 1152 1327 quae
1178 1254 1214 1313 in

193 1327 343 1387 humanis
354 1325 484 1403 agenda
495 1329 572 1385 sunt
586 1325 674 1384 bene
685 1325 858 1386 consilians
872 1347 879 1386 ε
892 1329 1111 1408 etymologica
1121 1329 1215 1390 idem

88 1472 90 1482 ,
193 1409 289 1466 sonat
311 1423 348 1465 ac
367 1407 455 1466 bona
477 1404 1211 1482 οο1111111111,ευ,1111111111,1111111111

192 1486 389 1562 arsamosata,
410 1501 471 1546 seu
494 1485 617 1544 bonum
637 1498 784 1556 sensum,
806 1501 870 1562 qua
885 1487 1033 1562 prudens
1051 1494 1211 1568 recteju-

195 1566 282 1626 dicat
298 1565 339 1625 de
359 1567 398 1624 iis
418 1581 488 1642 qua
508 1564 616 1641 aliqua
637 1563 713 1642 lege
732 1568 920 1641 prescripta
934 1572 1022 1641 sunt,
1042 1571 1214 1630 111111111-

195 1651 247 1706 tus
268 1647 356 1706 bene
373 1642 547 1723 judicandi
569 1644 655 1703 circa
676 1646 881 1721 particularia
903 1647 1050 1724 agenda;
1077 1651 1109 1710 3⁰
1128 1666 1211 1724 pno-

194 1741 277 1797 11111,
301 1741 372 1802 qua
395 1729 444 1784 est
466 1723 596 1785 habitus
617 1729 709 1783 recte
726 1722 901 1801 judicandi
921 1733 1034 1788 contra
1061 1732 1214 1791 tenorem

193 1806 277 1883 legis
305 1821 346 1864 ex
375 1803 504 1864 motivis
534 1803 779 1863 rationabilibus
805 1805 929 1866 ordinis
954 1808 1143 1884 superioris
1176 1808 1213 1869 id

195 1891 245 1946 est
266 1884 513 1960 interpretando
543 1887 690 1943 mentem
716 1884 911 1962 legislatoris
936 1885 979 1964 in,
997 1889 1105 1948 verbis
1126 1889 1213 1968 legis

194 1982 261 2026 non
285 1980 486 2042 expressam.
515 1965 615 2040 Γνωμή
643 1978 679 2022 se
708 1964 807 2024 habet
833 1965 875 2025 ad
898 1965 1104 2042 prudentiam
1126 1971 1213 2029 sicut

194 2069 320 2104 επιεικεια
342 2044 383 2105 ad
399 2043 566 2121 justitiam.
589 2043 733 2102 Habetur
747 2044 880 2119 quando
899 2062 967 2107 non
980 2064 1020 2107 ex
1035 2054 1149 2108 tenore
1165 2049 1212 2110 le-

193 2129 243 2206 gis
258 2124 485 2204 proficiscitur,
496 2124 556 2184 sed
572 2139 721 2202 exaequo
738 2128 771 2183 et
784 2124 884 2197 bono,
900 2143 1020 2204 nempe
1037 2145 1078 2188 ex
1091 2130 1212 2205 princi-

193 2207 254 2283 piis
270 2206 448 2277 altioribus,
466 2209 504 2265 ut
522 2208 572 2264 est
585 2204 710 2264 bonum
728 2204 894 2280 publicum
910 2214 944 2265 et
957 2207 1131 2283 privatum,
1149 2207 1213 2269 alia

193 2286 391 2364 legislatoris
418 2285 564 2351 intentio,
598 2288 678 2354 etc.;
707 2285 875 2362 restringit
901 2287 1085 2349 locutiones
1115 2288 1212 2348 nimis

193 2366 395 2427 universales
416 2365 511 2441 legis
535 2363 590 2422 Est
611 2378 687 2439 pars
708 2364 895 2438 potentialis
917 2366 1109 2442 prudentiae,
1134 2368 1212 2445 quia

194 2450 347 2522 importat
362 2444 539 2522 quamdam
554 2442 841 2519 perspicacitatem
850 2444 977 2522 judicii.
995 2482 1033 2490 -
1048 2449 1102 2507 lsti
1115 2448 1209 2508 habi·

195 2533 246 2587 tus
271 2540 337 2586 non
359 2524 494 2585 realiter
523 2521 770 2600 distinguuntur
792 2540 811 2583 a
833 2524 1018 2601 prudentia,
1044 2526 1106 2587 sed
1133 2533 1212 2588 sunt

194 2606 265 2682 ipsa
279 2604 455 2682 prudentia
469 2600 675 2678 inadaequate
690 2606 847 2678 spectata,
859 2621 979 2681 nempe
989 2612 1028 2667 ut
1040 2623 1076 2667 se
1092 2612 1209 2668 exten-

197 2687 242 2747 dit
256 2685 299 2746 ad
313 2686 397 2745 hanc
412 2684 466 2745 vel
483 2683 573 2743 illam
585 2681 801 2743 functionem.

233 2770 280 2825 De
298 2765 446 2839 partibas
473 2762 687 2837 interpretibus
715 2764 903 2836 praetentae.
929 2765 1042 2826 Partes
1067 2768 1210 2843 integra·

194 2846 244 2907 les
267 2844 405 2922 alicujus
427 2842 553 2904 virtutis
582 2857 626 2901 eae
650 2846 727 2901 sunt
751 2858 834 2918 quae,
862 2844 939 2903 licet
967 2844 1009 2904 ad
1034 2850 1209 2906 essentiam

195 2926 293 3005 hujus
332 2925 460 2986 virtutis
492 2938 561 2983 non
596 2922 660 2982 sint
690 2923 895 2994 necessariae,
928 2923 970 2983 ad
1001 2924 1074 3003 eJ‘us
1101 2931 1212 2988 tamen

194 3005 433 3083 perfectionem
460 3004 503 3063 ita
526 3000 725 3072 conducunt,
747 3008 792 3074 ut,
814 3003 852 3064 iis
874 3003 1020 3079 sublatiS,
1044 3004 1212 3083 periectas

194 3102 261 3147 non
283 3086 323 3145 sit
343 3082 469 3145 virtutis
491 3086 594 3142 actus

233 3169 347 3226 Partes
369 3162 543 3237 intepretes
562 3158 744 3237 prudentie
769 3165 843 3221 octo
868 3168 1040 3224 enumerat
1064 3164 1095 3223 S.
1124 3164 1213 3234 Tho-

194 3264 266 3307 mas
292 3264 299 3304 :
327 3242 501 3304 Prudentia
527 3242 613 3301 enim
639 3245 690 3299 est
712 3239 766 3300 vel
789 3244 1005 3316 cognoscitiaa
1027 3242 1215 3306 mediorum

196 3344 266 3404 quae
281 3322 416 3385 suntad
432 3319 532 3383 finem
552 3321 730 3381 honestum
753 3336 759 3377 :
783 3320 870 3382 bene
888 3323 1052 3383 consultat
1075 3328 1108 3383 et
1122 3329 1213 3385 recte
1319 3367 1320 3370 ¹

190 3406 317 3485 judicat
338 3402 417 3483 (58);
437 3402 490 3462 vel
507 3400 706 3477 applicatione
727 3400 922 3478 cognitionis
935 3400 979 3463 ad
994 3418 1078 3478 opus
1095 3423 1103 3463 ε
1119 3408 1212 3465 recte

195 3488 351 3563 imperat;
378 3488 411 3543 et
437 3482 498 3543 sub
524 3480 587 3541 hoc
617 3478 738 3555 duplici
765 3486 931 3557 respectu,
958 3480 1053 3559 plura
1074 3481 1117 3544 ad
1138 3500 1212 3561 per·

195 3564 316 3627 sectam
330 3561 541 3639 prudentiam
554 3558 778 3635 requiruntur.

236 3643 268 3724 a)
284 3644 452 3719 Quatenus
470 3640 701 3719 cognoscitiva,
724 3638 881 3718 requirit:
900 3641 929 3701 1⁰
942 3644 1137 3706 memoriam
1151 3659 1211 3707 seu
