2642 4250
461 335 564 376 urntcn
587 333 757 377 cananaeis
1078 312 1122 371 21.

102 447 132 506 lo
160 447 347 508 intellectus
369 445 556 507 immediate
577 461 645 508 non
660 445 812 523 producit
837 447 899 506 nisi
922 442 1120 504 intellectio-

98 542 192 600 nem,
226 528 356 589 minime
387 533 495 588 autern
526 526 729 597 volitionem3
763 529 794 586 2⁰
824 526 895 601 ipsa
924 523 1122 589 intellectio.

99 622 178 666 curn
199 604 256 666 fiat
285 608 319 667 in
340 607 515 680 intellectu,
548 607 642 685 cujus
664 605 822 667 ambitum
843 620 910 665 non
938 602 1120 682 egreditur,

100 687 255 748 effective
288 691 404 764 nequit
435 687 563 764 operari
594 690 627 748 in
657 687 872 756 voluntatem,
906 701 977 762 quae
1010 687 1121 743 actum

99 767 241 827 liberum
272 768 376 844 ponit.
408 769 493 846 Ergo
524 765 713 826 intellectus
741 767 806 825 vim
838 764 1022 825 effectivam
1052 777 1121 823 non

101 848 204 907 lrabet
225 847 258 905 in
282 853 391 906 actum
413 847 562 907 liberum.
753 860 754 865 ¹
995 862 1000 872 ·

145 925 379 986 corollarium.
403 927 561 986 Voluntas
583 941 663 1002 ergo
687 919 761 985 curn
782 923 930 1003 generali
956 934 1120 982 concursu

100 1006 163 1066 Dei
186 1013 237 1065 est
258 1006 356 1066 totale
379 1007 575 1084 principium
598 1003 775 1065 elicitivum
791 1020 932 1063 suorum
954 1006 1074 1062 actum.
1118 1022 1120 1025 ·

142 1085 194 1147 39.
215 1117 254 1126 -
270 1085 445 1147 scholiam.
461 1087 592 1154 Verum,
607 1086 668 1145 etsi
682 1085 869 1145 intellectus
885 1082 1034 1142 effective
1049 1095 1118 1140 non

101 1169 182 1242 agat
209 1166 241 1224 in
270 1171 376 1226 actum
403 1167 554 1234 liberum,
582 1168 691 1224 tamen
722 1164 876 1224 directive
911 1161 1075 1222 concurrit
1109 1180 1115 1219 :

102 1261 143 1303 ex
166 1247 239 1321 ipso
262 1248 347 1305 enim
363 1245 610 1322 proficiscuntur
625 1243 757 1320 quidam
774 1246 866 1306 actus
881 1242 985 1318 ipsam
1000 1241 1118 1301 volun-

102 1328 206 1385 tatem
221 1323 356 1385 liberam
374 1325 566 1404 dirigentes
586 1340 724 1400 quorum
741 1323 794 1382 alii
810 1326 886 1382 sunt
903 1323 988 1381 circa
1004 1321 1120 1388 finem,

99 1404 240 1466 utboni
263 1422 323 1465 seu
343 1403 414 1465 finis
435 1405 654 1482 apprehensio
683 1409 715 1464 et
740 1402 931 1479 propositio,
954 1401 1119 1479 judicium

101 1481 143 1544 de
168 1483 320 1562 ejusdem
341 1483 413 1546 finis
426 1487 585 1557 bonitate,
611 1489 688 1557 etc,
705 1486 738 1542 et
759 1483 812 1542 alii
827 1487 1006 1559 *versantur
1034 1481 1120 1540 circa

102 1563 229 1636 media,
261 1568 298 1625 ut
329 1581 443 1626 eorum
474 1564 614 1643 cognitio
646 1569 679 1624 et
707 1562 885 1623 aestimatio.
917 1563 1000 1621 Dum
1032 1563 1119 1620 enirn

100 1645 254 1705 voluntas
269 1645 331 1708 sibi
352 1645 523 1723 proposuit
543 1642 640 1704 finem
665 1642 949 1718 consequendum,
972 1643 1012 1702 ab
1025 1639 1120 1699 intel-

101 1724 194 1784 lectu
220 1724 287 1800 iam
319 1726 564 1803 apprehensum
596 1727 629 1783 et
659 1723 871 1800 propositum,
901 1727 979 1781 tune
1000 1722 1120 1780 iterum

100 1821 187 1878 opus
217 1811 267 1864 est
295 1807 423 1866 actione
453 1805 639 1864 intellectus
674 1819 739 1879 qua
766 1802 832 1861 hac
863 1799 1002 1861 facultas
1029 1801 1119 1860 varia
1179 1857 1182 1863 .

99 1884 247 1961 inquirat
280 1883 390 1944 media
434 1883 476 1943 ad
511 1883 608 1944 finem
649 1881 879 1953 obtinendum,
926 1886 959 1942 et
1004 1897 1117 1941 eorum

99 1962 317 2025 idoneitatem
341 1965 499 2025 voluntati
524 1962 696 2033 ostendat;
721 1960 798 2022 inde
818 1962 998 2033 consitium,
1028 1958 1142 2037 quod¹

100 2046 154 2102 est
168 2049 260 2104 actus
283 2044 479 2113 intellectus
497 2043 635 2119 irnperio
655 2041 829 2101 voluntatis
850 2042 1001 2101 elicitus:
1019 2040 1115 2100 sed:

139 2122 250 2185 tos-
270 2126 306 2185 ll.
330 2124 512 2198 Quotaptr'ci
533 2125 627 2183 modo
645 2124 848 2197 principiam
861 2121 1006 2196 formate
1028 2127 1118 2181 octus
1162 2158 1164 2163 -

98 2203 200 2263 libert
218 2221 276 2265 sete
297 2206 443 2265 votttotos
461 2204 566 2263 libera
586 2204 619 2261 to
640 2220 721 2262 suos
734 2204 889 2276 proprios
914 2203 1118 2276 operationes

99 2287 272 2357 erampot?
833 2294 836 2297 ’

139 2364 179 2424 Ut
206 2366 332 2425 constat
354 2379 392 2421 ex
420 2361 525 2432 dictis,
553 2364 645 2420 actus
666 2362 853 2429 voluntatis
882 2365 941 2419 seu
964 2358 1116 2435 principii

97 2439 243 2501 formalis
266 2447 357 2503 actus
381 2442 481 2511 liberi,
505 2440 557 2501 alii
590 2444 668 2501 sunt
707 2443 790 2501 circa
814 2438 924 2511 finem,
951 2440 1004 2498 alii
1029 2438 1115 2496 circa

98 2522 219 2582 media.
237 2521 328 2583 Circa
342 2521 442 2582 finem
451 2526 529 2580 sunt
541 2521 675 2596 triplicis
685 2522 818 2597 generis
829 2540 838 2578 .·
848 2522 969 2590 ootttto,
982 2522 1079 2580 intent
1091 2520 1114 2577 'o

99 2604 273 2675 etfrm'tt'o.
291 2601 380 2662 Circa
399 2599 510 2660 media
533 2600 576 2661 ad
600 2604 741 2677 quatuor
762 2615 885 2678 genera
905 2601 1112 2668 revocantur,

98 2682 227 2741 scilieet.
250 2680 292 2741 ad
317 2697 512 2747 eonsensum,
538 2680 732 2748 electionem,
760 2680 933 2750 imperium
952 2684 980 2738 et
1004 2694 1111 2738 esunt.

138 2759 171 2837 a)
187 2761 318 2837 Triplex
344 2776 417 2821 esse
433 2775 541 2839 genus
562 2766 691 2819 actuum
707 2758 883 2818 voluntatis
903 2759 1012 2818 liberae
1028 2757 1113 2817 circa

96 2840 205 2914 (taem,
232 2841 393 2918 colligitur
414 2856 454 2899 ex
469 2838 584 2901 ordine
602 2855 699 2915 quem
720 2838 861 2898 invicem
881 2840 946 2899 istae
965 2840 1113 2898 actiones

97 2924 252 2981 servant:
277 2923 305 2981 l⁰
323 2920 510 2979 intellectus
528 2919 654 2979 bonurn
663 2918 822 2979 voluntati
833 2918 997 2994 proponit.
1015 2916 1113 2977 inde·

99 3016 163 3075 que
181 3000 341 3060 excitatur
349 3002 382 3059 in
392 3000 559 3060 voluntate
575 3014 666 3058 arnor
682 2998 820 3073 simplex
830 3014 890 3057 seu
902 2998 1110 3072 complacen-

100 3080 138 3139 tia
158 3097 166 3139 :
183 3080 260 3140 hinc
270 3081 380 3141 ootttto
394 3080 435 3140 ad
447 3079 526 3140 lllud
539 3098 546 3151 3
559 3080 589 3139 2⁰
604 3078 791 3139 intellectus
802 3084 917 3153 postea
928 3078 1111 3155 generatim

98 3158 243 3220 ostendit
258 3159 339 3221 illud
353 3160 489 3233 bonurn,
511 3174 571 3219 seu
589 3156 690 3219 finem
710 3159 924 3236 propositum,
945 3162 982 3216 ut
997 3171 1112 3216 conse-

98 3239 267 3316 quendum
300 3260 306 3300 :
336 3238 414 3301 inde
441 3239 606 3300 enascitur
627 3238 661 3299 in
685 3240 853 3299 voluntate
877 3238 1007 3302 intentio
1040 3251 1111 3311 quae

96 3319 205 3395 reipsa
229 3319 320 3380 idem
351 3325 401 3380 est
425 3335 467 3379 ac
493 3317 717 3388 desiderium;
750 3320 782 3379 3ο
810 3318 955 3392 denique
984 3313 1017 3373 in
1044 3312 1111 3374 fine

94 3399 217 3552 ssdepto
235 3399 471 3477 conquiescere
487 3400 595 3474 potest
609 3400 767 3469 volontas,
792 3414 857 3474 quo
879 3413 957 3457 casu
970 3395 1112 3457 habetur

110 3480 220 3539 cottia.
1096 3491 1098 3496 ·

136 3556 166 3635 d)
197 3555 413 3634 Quadruplex
439 3572 513 3617 esse
538 3571 644 3635 genus
666 3562 797 3617 actuum
822 3554 999 3616 voluntatis
1024 3555 1110 3615 circa

97 3638 215 3712 media,
242 3638 403 3698 consimili
417 3637 542 3716 analysi
557 3637 741 3697 ostenditur
756 3656 764 3695 ε
781 3635 912 3713 subjicit
923 3635 1111 3696 intellectus

97 3733 157 3794 per
184 3718 357 3778 consitium
380 3720 468 3779 varia
495 3715 605 3776 media
631 3716 750 3794 quibus
779 3716 901 3777 bonum
928 3716 1110 3792 expetitum
