2642 4250
175 297 232 358 tao
479 309 656 354 axnvrxmuu
678 309 879 354 runosorrure

172 443 275 506 quum
294 423 432 485 facultas
452 421 611 499 loquendi
625 422 666 481 sit
686 423 811 485 homini
833 423 1020 502 congenita,
1044 422 1081 484 fit
1094 428 1131 484 ut
1144 423 1191 484 ab

172 511 242 585 ipsa
263 511 378 566 natura
398 503 495 563 homo
519 503 562 563 ad
581 507 701 562 statum
717 503 1063 564 socialemordinetur.

213 589 245 649 3⁰
273 589 324 646 Ee
353 587 464 644 notice
487 584 665 658 indicantia
695 590 723 642 et
744 585 1010 659 persectr'dr'litatc
1033 585 1188 646 tamiris.

173 669 275 728 Homo
291 663 333 724 ad
344 662 564 724 evolutionem
576 662 646 722 vitae
658 664 835 738 corporalis
858 669 891 722 et
906 661 1083 740 spiritualis
1096 671 1192 722 auxi-

172 749 215 810 lio
231 746 364 808 aliorum
380 741 544 803 hominum
558 741 712 802 diuturno
724 747 757 801 et
768 742 899 804 assiduo
910 743 1049 820 indiget,
1063 748 1096 804 et
1106 743 1190 803 edu-

175 829 303 889 catione
329 825 432 901 magis
458 839 496 882 ac
526 823 628 899 magis
658 823 730 899 ejus
757 821 930 884 facultates
958 823 1188 899 perficiuntur,

176 909 254 970 dum
275 905 335 966 alia
357 903 506 963 animalia
529 901 590 960 cito
613 900 656 961 ad
678 903 843 979 propriam
864 900 1101 981 perfectionem
1125 903 1188 964 de-

174 986 322 1058 veniunt,
347 987 379 1044 et
393 979 532 1044 naturali
545 982 704 1043 instinctu
718 981 760 1041 ad
775 985 960 1043 necessaria
975 984 1044 1043 vitae
1060 981 1190 1043 ducun-

176 1073 239 1128 tur.
262 1067 346 1142 Ergo
369 1063 466 1124 homo
495 1065 612 1121 natura
641 1076 700 1121 sua
723 1061 892 1122 ordinatur
915 1062 958 1123 ad
982 1065 1189 1124 consortium

175 1163 251 1208 cum
272 1146 342 1205 aliis
363 1142 558 1204 hominibus

213 1228 245 1286 4ο
260 1229 310 1285 Ecc
330 1221 482 1282 naturali
499 1223 637 1281 dominis
653 1221 861 1294 proclivitate
876 1221 917 1282 ad
942 1220 1189 1281 communican-

176 1307 254 1368 dum
283 1318 357 1364 cum
379 1302 447 1384 aliis
467 1301 666 1369 hominihus,
699 1304 766 1360 tum
794 1303 827 1360 in
855 1300 968 1362 faustis
997 1301 1187 1366 eventibus,

177 1393 242 1447 tum
264 1387 297 1446 in
311 1383 507 1444 erumniset
521 1383 639 1458 poenis.
656 1381 712 1440 Est
732 1378 855 1440 factum
881 1380 1032 1442 omnibus
1054 1386 1187 1450 notum,

175 1473 208 1530 et
223 1464 358 1543 quidem
372 1461 503 1538 propria
518 1461 732 1536 experientia.
747 1461 844 1538 Ergo.

209 1547 279 1606 238.
302 1577 341 1588 -
358 1542 533 1601 scholium.
549 1542 620 1600 Haee
634 1540 797 1600 socialitas
811 1540 951 1601 hominis
967 1556 1053 1610 sese,
1075 1539 1191 1618 quoad

175 1629 294 1697 potest,
313 1623 431 1684 evolvit
448 1641 454 1680 :
473 1628 522 1680 est
535 1621 583 1680 vis
599 1635 669 1696 quae
684 1620 840 1682 terminos
855 1637 919 1679 suae
934 1620 1071 1681 aetionis
1093 1617 1189 1679 inde-

173 1699 263 1764 finite
280 1703 408 1780 quaerit,
427 1705 459 1765 et
475 1700 569 1778 cujus
583 1698 702 1760 limites
717 1700 771 1758 alii
793 1716 860 1760 non
881 1703 958 1760 sunt
981 1700 1041 1760 nisi
1066 1699 1189 1759 limites

173 1783 344 1861 ipsiusmet
360 1781 565 1859 cognitionis
581 1780 692 1840 Statim
705 1781 792 1838 enim
806 1795 843 1839 ac
857 1779 1072 1856 intelligentia
1084 1779 1190 1855 possi-

173 1865 332 1925 bilitatem
347 1861 510 1921 relationis
525 1858 653 1920 socialis
669 1859 814 1929 exhibet,
830 1859 881 1920 liic
895 1860 1068 1920 instinctus
1084 1859 1188 1918 socia-

173 1945 272 2005 litatis
293 1943 469 2003 relationes
482 1940 554 2000 illas
576 1943 694 2016 sponte
723 1944 845 1998 nature
860 1941 995 2016 appetit,
1022 1941 1190 2016 quianon

108 2036 110 2041 ’
175 2015 259 2102 parti
274 2030 396 2084 naturae
417 2021 570 2080 humanae
594 2017 753 2097 alligatur,
771 2017 831 2078 sed
848 2022 949 2078 totam
964 2009 1116 2078 naturam
1136 2015 1186 2078 af-

79 2177 82 2185 ,
173 2104 249 2165 licit.
288 2102 367 2164 lnde
396 2101 464 2161 sola
498 2101 655 2160 societate
683 2098 865 2159 domestica
892 2113 960 2159 non
987 2100 1135 2173 satiatur,
1159 2098 1190 2158 si

173 2189 385 2264 praestosum
409 2183 572 2242 elementa
597 2180 762 2240 societatis
787 2180 898 2240 civilis.
916 2180 987 2253 Qua
1014 2179 1056 2240 de
1086 2194 1188 2239 causa

173 2266 346 2335 socialitas,
363 2261 486 2323 homini
501 2259 693 2319 naturaliter
701 2258 814 2330 indita,
827 2275 887 2335 per
897 2275 933 2320 se
946 2258 1096 2319 ordinem
1108 2258 1189 2319 dicit

174 2346 269 2407 etiam
285 2344 327 2405 ad
342 2343 533 2404 societatem
555 2339 694 2399 civilem.

171 2494 241 2557 ate.
265 2527 304 2537 -
323 2493 430 2552 Trrrsis
452 2490 488 2549 11.
511 2490 611 2547 Homo
628 2503 692 2561 per
704 2486 829 2559 facturn
845 2489 992 2561 proprie
1006 2486 1186 2547 existentiae

210 2578 242 2635 in
275 2574 424 2634 societate
453 2566 632 2629 crcioersnlt
655 2583 712 2625 sen
742 2565 887 2625 numana
916 2567 1059 2641 quodam
1089 2568 1186 2627 modo

214 2654 426 2715 constituitur,

212 2790 384 2852 Probatur.
400 2787 513 2856 Home,
531 2798 591 2859 per
605 2781 790 2842 existentiae
804 2779 937 2853 factum,
954 2783 1106 2841 naturam
1116 2797 1187 2843 om-

172 2874 269 2934 nibus
291 2866 477 2930 hominibus
507 2877 717 2925 communem
738 2860 867 2937 recipit,
890 2878 928 2921 ac
950 2860 1090 2938 proinde
1112 2878 1184 2923 om-

173 2970 232 3014 nes
255 2950 404 3010 homines
427 2944 469 3006 ad
492 2941 648 3003 eumdem
669 2939 770 3001 finem
791 2940 995 3015 ordinantur,
1020 2945 1054 3001 et
1075 2940 1189 3003 eidem

171 3035 238 3111 legi
260 3033 386 3090 naturae
415 3024 604 3102 subjacent3
637 3024 802 3097 praeterea
831 3021 928 3081 homo
951 3019 1106 3081 facultate
1134 3037 1189 3083 co-

171 3108 354 3193 gnoscendi
375 3102 567 3167 naturaliter
582 3106 728 3170 ornatus,
745 3102 833 3161 hunc
848 3116 1059 3161 communem
1073 3099 1187 3173 linem,

173 3202 450 3265 communemque
471 3185 584 3261 legem
605 3184 745 3256 naturae,
768 3181 800 3241 vi
822 3181 1018 3254 existentia),
1042 3195 1188 3259 cognos-

368 3270 389 3327 t.

173 3275 475 3429 cepetqplptsepciems'
491 3347 528 3403 ut
542 3340 696 3414 diximus,
715 3344 766 3401 est
785 3340 959 3399 consensio
980 3339 1192 3401 voluntatum

172 3438 205 3496 et
219 3433 338 3493 virium
357 3425 479 3487 intuitu
491 3421 565 3484 finis
581 3421 766 3483 communis
782 3418 997 3495 adipiscendi.
1024 3420 1122 3498 Ergo,
1149 3434 1191 3479 ex

171 3514 258 3575 facto
284 3508 475 3579 existentiae,
502 3504 574 3587 jam
597 3502 697 3563 homo
725 3498 767 3561 ad
793 3498 971 3577 quamdam
996 3500 1193 3562 societatem

170 3590 405 3662 universalem,
426 3586 546 3647 saltem
560 3582 625 3644 late
641 3585 675 3644 et
691 3584 831 3654 remote,
847 3579 1027 3642 ordinatur.
