2642 4250
428 288 531 331 nrmcx
552 285 725 330 ermannus
1044 270 1085 332 67

111 405 141 462 2⁰
156 398 377 462 Confirmatur
389 416 430 460 ex
446 399 539 460 dictis
550 400 598 479 (ll,
616 401 682 473 140,
699 399 767 479 141)
783 401 825 461 de
838 401 1085 464 immortalitate

76 487 183 545 animae
200 487 234 541 et
249 479 414 540 defutura
429 482 505 540 vita.

115 564 181 622 125.
208 593 247 603 —
270 561 448 620 Sotiatium.
473 561 542 619 lieo
562 561 688 621 sanctio
714 561 746 618 in
771 560 1008 622 consecutione
1030 563 1087 622 vel

76 643 246 703 amissione
262 641 336 700 linis
355 641 462 701 ultimi
484 641 641 711 consistit,
664 639 707 699 ad
728 654 826 715 quem
842 642 989 700 actiones
1007 636 1086 702 'sunt

76 725 171 784 veluti
187 737 323 798 gressus
335 718 408 799 (97),
425 724 502 779 ante
519 721 572 778 vel
585 724 687 779 retro.
703 722 744 779 At
759 736 833 779 cum
848 720 1013 781 actionum
1036 724 1085 783 in·
1138 772 1141 778 ,
1213 752 1216 756 1

77 805 201 862 numeri
214 800 285 860 fere
302 801 423 862 dentur
438 797 560 877 gradus
575 799 730 859 bonitatis
749 800 803 859 vel
820 799 958 873 malitia,
981 801 1087 877 liquet

77 883 247 944 maximam
274 881 413 942 inveniri
436 881 628 940 varietatem
652 882 685 938 in
709 879 988 952 remuneratione,
1014 897 1086 958 quae

78 981 130 1040 pro
151 963 252 1039 justis
275 961 309 1020 in
333 957 406 1020 finis
426 961 531 1020 ultimi
552 959 774 1036 possessione,
805 963 838 1018 et
862 975 922 1035 pro
948 966 1087 1038 turpiter

78 1042 297 1120 operantibus
314 1043 347 1100 in
362 1041 597 1117 suppliciorum
612 1037 790 1098 inflictione
807 1038 963 1100 consistit.
994 1052 996 1055 ·

116 1121 182 1181 126.
199 1153 237 1164 --
254 1125 296 1179 oe
306 1120 568 1195 interpretatione
578 1118 697 1192 leptim.
711 1119 815 1196 Leges
827 1120 971 1194 positivae
983 1137 1087 1197 quan-

80 1200 183 1277 doque
194 1204 272 1259 sunt
282 1200 438 1268 obscura,
450 1198 594 1274 ideoque
606 1199 877 1273 interpretatione
890 1205 1002 1276 egent,
1015 1217 1086 1277 quae

79 1279 318 1350 nilntaliudest‚
330 1279 483 1356 nisilegis
493 1278 638 1337 obscura
649 1279 703 1337 vel
717 1279 1085 1356 ambiguaeexplanatio.

80 1362 300 1436 interpretatio
314 1363 342 1420 1⁰
357 1360 482 1419 ratione
496 1359 663 1432 subjectta
680 1374 744 1434 quo
760 1358 795 1418 tit
807 1361 895 1419 varie
911 1359 1085 1423 dividitur:

78 1441 101 1500 si
121 1439 267 1516 procedit
287 1440 327 1498 ab
343 1443 414 1514 ipso
435 1438 625 1514 legislatore
645 1437 763 1499 dicitur
782 1439 979 1508 authentiam
999 1441 1026 1500 si
1044 1443 1086 1501 ab
1170 1494 1171 1497 ,

79 1523 143 1596 ipsa
159 1520 394 1580 communitate
416 1535 476 1595 per
494 1517 692 1577 uniformem
706 1518 867 1577 rationem
889 1519 1088 1582 observandi

78 1601 193 1676 legem,
219 1615 280 1659 seu
300 1615 361 1674 per
391 1596 675 1662 consuetudinem,
711 1597 937 1673 interpretatio
971 1600 1089 1661 dicitur

80 1680 168 1739 usual
180 1683 198 1739 's
218 1697 225 1750 ;
248 1681 276 1739 si
296 1696 312 1737 a
337 1677 552 1737 tribunalibus
574 1677 757 1736 constitutis
776 1693 837 1753 per
854 1680 964 1752 ipsum
984 1681 1087 1758 legis-

78 1759 209 1819 latorem
225 1758 267 1817 ad
283 1758 375 1835 leges
390 1755 613 1834 applicandas,
638 1757 862 1832 interpretatio
883 1762 934 1819 est
942 1760 1089 1833 Judtcto·

79 1839 113 1898 tis
128 1839 324 1914 ,applicatio
348 1838 435 1896 enirn
449 1838 605 1912 supponit
619 1842 744 1896 rectam
758 1838 1064 1913 interpretationem
1077 1859 1085 1911 ;

80 1918 217 1996 denique
233 1918 259 1976 si
275 1935 293 1976 a
309 1919 422 1994 peritis
445 1917 480 1976 iit
498 1917 738 1991 interpretatio,
758 1917 826 1976 haec
844 1921 1089 1994 nuncupabitur

79 1998 273 2058 doctrinalis.
284 1999 360 2058 -20
369 1997 502 2056 Ratione
517 1997 608 2055 tuadi
621 2012 686 2071 quo
697 1995 743 2066 fit,
763 1995 917 2056 dividitur
931 2001 964 2057 in
981 1999 1087 2060 decla-

79 2079 219 2148 rativam,
238 2079 439 2139 extensivam
455 2079 488 2137 et
506 2076 733 2137 restrictixam.
755 2077 963 2138 Dectorutt‘cc
982 2079 1085 2141 naue-

81 2164 136 2227 tur‚
153 2156 287 2235 quando
303 2158 339 2217 fit
353 2172 499 2233 congrua
514 2157 731 2218 obscurorum
744 2157 797 2216 vel
818 2156 993 2219 dubiorum
1013 2178 1086 2221 rer-

79 2237 184 2311 borum
212 2238 299 2314 legis
327 2238 497 2312 expositio.
522 2236 646 2295 Dicitur
670 2240 846 2300 ectetcst'oo.
873 2240 1019 2314 quando,
1044 2243 1087 2300 ob

79 2320 245 2393 paritatem
260 2317 313 2377 vel
327 2316 570 2376 similitudinem
586 2316 732 2384 rationis,
753 2314 789 2376 fit
810 2316 982 2391 productio
1004 2321 1089 2398 legis

79 2398 115 2456 ad
131 2413 244 2458 casum
258 2398 312 2457 vel
326 2411 503 2473 personam
517 2412 587 2471 quae
605 2396 666 2456 sub
686 2395 770 2471 legis
791 2397 897 2457 littera
916 2415 983 2459 non
1007 2416 1087 2460 con-

79 2480 202 2537 tinetur.
225 2479 281 2537 Est
301 2479 491 2546 restrictiva,
510 2474 642 2551 quando
668 2475 711 2535 ad
729 2477 973 2552 assequendam
993 2496 1088 2539 men-

80 2562 137 2616 tem
152 2558 363 2635 legislatoris,
374 2555 572 2633 verba-legis
589 2560 860 2633 coangustantur,
876 2574 935 2618 seu
953 2560 1087 2637 quando

79 2636 236 2697 sententia
253 2636 336 2713 legis
348 2638 454 2711 magis
470 2638 653 2695 coarctatur
669 2651 769 2711 quam
783 2637 895 2697 verba.

97 2726 99 2731 ·
114 2719 279 2793 interpres
303 2716 446 2793 privatus
461 2716 574 2793 legum
595 2731 659 2791 praa
675 2716 778 2775 oculis
794 2717 948 2779 continuo
964 2719 1090 2782 habere

79 2795 174 2857 debet
190 2796 285 2857 dotes
295 2795 502 2873 legislatoris,
521 2795 575 2872 qui
592 2810 725 2871 semper
739 2796 824 2855 velle
842 2795 943 2858 debet
965 2800 1088 2862 bonum

78 2877 254 2951 publicum,
279 2876 363 2953 juris
387 2880 420 2935 et
442 2876 600 2953 aequitatis
625 2878 919 2947 conservationem,
944 2884 1088 2941 omnium

78 2972 207 3015 suorum
235 2954 467 3015 mandatorum
496 2955 736 3026 executionem,
764 2960 893 3015 etcum
923 2963 1088 3033 potestate

79 3033 198 3096 efficaci
212 3036 367 3112 loquitur,
387 3034 464 3095 dum
478 3032 543 3094 fert
556 3035 661 3112 leges.
684 3037 797 3111 ltaque
817 3037 968 3097 voluntas
986 3040 1087 3117 legis-

78 3115 183 3175 latoris
207 3117 237 3175 1⁰
257 3130 389 3191 semper
408 3116 549 3189 supponi
574 3113 676 3174 debet
697 3115 788 3175 utitis
811 3120 846 3175 et
861 3118 953 3192 justu
976 3139 987 3177 .·
1009 3118 1088 3181 inde

78 3195 298 3271 interpretatio
316 3195 416 3254 dehet
432 3210 505 3253 esse
527 3194 696 3254 extensiva
714 3196 768 3255 vel
786 3196 978 3261 restrictiva.
1004 3216 1087 3276 quo·-

79 3276 279 3351 tiescumque
293 3273 328 3335 id
343 3274 515 3351 requiritur
529 3278 566 3332 ut
580 3273 635 3333 lex
656 3290 723 3333 non
744 3276 784 3333 sit
805 3276 940 3351 inutilis,
965 3276 1091 3357 injusta

80 3356 253 3431 aulimpia;

114 3436 144 3495 2⁰
170 3435 373 3510 Supponitur
399 3432 551 3510 proclivis
576 3431 679 3493 adea
704 3449 774 3509 quae
798 3432 921 3493 hahent
945 3434 1089 3500 favorem

75 3512 162 3587 juris,
180 3514 342 3575 contraria
364 3513 403 3574 iis
418 3529 488 3590 quae
499 3512 583 3590 juris
599 3510 709 3573 odium
734 3512 867 3580 habent,
889 3528 962 3575 nam
986 3518 1091 3597 legis-

78 3594 255 3655 latorvclle
272 3593 374 3655 debet
388 3594 670 3653 conservationem
690 3591 775 3671 legis
799 3612 807 3653 :
827 3592 905 3654 inde
925 3599 1090 3661 axiomata

80 3676 291 3752 interpretum
309 3692 316 3733 :
334 3674 415 3735 Odt'tt
429 3677 502 3732 suut
520 3673 767 3747 restrtnpeodc5
785 3674 921 3747 favores
942 3684 1015 3738 surtt
1035 3696 1092 3740 um
