2642 4250
226 275 288 338 246
536 297 716 342 nanvramou
737 294 941 339 pruinosorurn

586 447 605 509 ὃ
621 446 641 500 1.
659 446 699 499 De
712 442 892 499 voluntario.

419 591 440 641 1.
455 591 601 645 Voluntarii
614 597 641 643 et
654 592 822 644 involuntarii
833 591 904 642 notio
917 596 943 642 et
958 590 1056 641 divisio.

269 723 477 780 voluntarium
496 728 543 782 est
557 725 587 781 id
600 725 680 799 quod
694 726 829 797 procedit
843 741 860 782 a
873 725 1037 793 voluntate,
1054 723 1165 796 quate-

232 809 291 851 nus
306 795 445 850 voluntas
460 800 619 867 astatque
634 797 726 852 dividi
750 798 826 853 solet
852 799 881 853 10
905 799 936 852 in
960 794 1107 851 directum
1131 797 1164 850 et

231 866 424 937 indirectum,
440 871 470 922 20
485 869 516 922 in
529 869 695 938 perfectum
708 872 739 923 et
754 868 970 940 imperfectum,
985 868 1016 921 30
1036 867 1066 921 in
1079 865 1163 938 posi-

231 937 331 992 tivum
344 938 375 993 el
390 939 571 1006 negativum,
592 941 622 994 40
638 941 670 994 in
685 953 858 1010 expressum
873 941 904 994 et
918 938 1052 994 tacitum.

270 1007 444 1064 voluntario
464 1010 625 1080 opponitur
638 1011 910 1081 involuntarium,
935 1010 1015 1080 quod
1035 1022 1072 1064 ex
1090 1007 1164 1064 uio-

233 1075 332 1133 lentia
346 1079 394 1134 vel
409 1080 592 1149 ignorantia
605 1083 753 1152 provenit.

274 1151 386 1204 Tunsrs
413 1152 433 1206 1.
455 1149 606 1206 Voluntas
620 1153 707 1217 uarie
721 1151 810 1208 allici
824 1153 855 1208 ct
868 1149 987 1206 retrahi
1002 1151 1104 1221 potest
1123 1149 1164 1204 in

131 1231 135 1239 “
174 1264 176 1270 χ
231 1219 457 1276 suis'aclibus
490 1222 659 1278 eliciendis
678 1252 725 1266 ·-
759 1223 911 1292 Objectum
939 1221 1018 1276 enim
1045 1219 1165 1277 ostendi

231 1292 333 1360 potest
346 1291 494 1348 voluntati
508 1294 622 1364 utplus
636 1295 773 1350 minusve
787 1293 895 1349 odibile
910 1293 957 1347 vel
976 1291 1163 1348 delectabile.

268 1363 379 1417 Tussis
392 1365 423 1418 11.
441 1363 596 1421 Voluntas
609 1365 797 1435 facilitatem
814 1368 843 1418 et
857 1362 1082 1432 difficultatem
1093 1361 1164 1432 pali

231 1434 335 1502 potest
349 1434 387 1487 in
400 1435 470 1490 suis
484 1436 616 1491 actibus.
633 1466 668 1478 -
683 1437 755 1492 Cum
770 1435 924 1491 voluntate
947 1448 1072 1504 congere
1089 1446 1165 1504 pos-

230 1506 304 1558 sunt
318 1517 416 1560 causae
430 1505 607 1578 adJuvantes
624 1510 657 1564 et
671 1521 768 1564 causae
782 1509 978 1562 remorantes.

553 1639 588 1688 11.
602 1638 640 1688 De
660 1635 743 1690 causis
757 1635 931 1686 involuntarii.

268 1755 290 1810 1.
319 1750 365 1809 De
391 1751 555 1809 uiolentia.
584 1756 694 1810 Transis
722 1755 742 1808 1.
781 1751 937 1808 Voluntas
964 1751 1034 1823 copi
1060 1753 1165 1823 potest

232 1823 340 1896 quoad
351 1826 447 1879 actus
475 1823 656 1894 imperatos,
680 1825 818 1878 micaime
846 1836 918 1879 uero
946 1823 1051 1894 quoad
1074 1825 1166 1878 actus

139 1919 146 1926 ·
233 1894 370 1951 elicitos.
388 1923 423 1936 -
442 1894 554 1949 Prima
567 1909 641 1965 pars
660 1894 843 1966 experientia
861 1898 989 1960 constat,
1012 1897 1043 1949 et
1066 1896 1165 1948 altera

231 1966 296 2092 11οῧ
311 1964 459 2037 principio
479 1983 487 2020 τ
511 1965 618 2036 aliquis
641 1980 702 2022 non
724 1969 823 2038 potest
847 1965 935 2020 simul
947 1965 1027 2020 idem
1042 1965 1119 2021 velle
1132 1967 1165 2020 et

208 2050 273 2092 no
296 2051 322 2090 e.

269 2110 379 2164 Tussis
392 2109 423 2164 11.
442 2106 569 2163 Coaclio
584 2106 728 2163 absoluta
742 2107 965 2164 uoluntarium
982 2105 1075 2177 tollit,
1095 2117 1166 2163 narn

231 2180 313 2234 actio
326 2182 428 2234 coacta
441 2178 584 2249 procedit,
599 2194 661 2235 non
686 2194 703 2235 a
726 2180 881 2236 voluntate
894 2179 1045 2251 patientis,
1059 2178 1112 2233 sed
1125 2178 1164 2234 ab

232 2250 448 2305 immmm

243 2266 301 2375 pli.
316 2266 472 2376 Degrnctu.
487 2348 522 2361 -
535 2321 588 2376 Iist
601 2322 703 2391 gravis
718 2322 765 2376 vel
784 2320 869 2387 levis,
891 2320 1024 2377 absolute
1044 2319 1093 2375 vel
1111 2332 1165 2373 re·

232 2389 326 2447 latire
342 2422 380 2433 -
402 2392 580 2447 antecedens
603 2392 651 2449 vel
674 2392 930 2449 concomitans-
952 2390 989 2448 ab
1004 2391 1166 2447 intrinseco

233 2462 283 2517 rel
296 2462 333 2519 ab
347 2464 524 2517 extrinseco.

268 2536 379 2589 Tussis
406 2536 427 2589 Ι.
448 2532 523 2599 Quae
546 2532 632 2601 fiunt
655 2549 693 2589 ex
711 2535 809 2604 metu,
835 2533 931 2589 etiam
956 2532 1057 2604 pravi,
1087 2536 1164 2585 sunt

233 2602 431 2674 simpliciter
452 2604 645 2668 voluntaria,
675 2606 705 2660 el
733 2604 957 2659 involuntaria
984 2602 1160 2659 secundum

233 2675 315 2745 quid
340 2677 477 2731 lantum.
502 2702 537 2715 -
561 2676 634 2729 Nam
657 2675 735 2731 actio
759 2675 838 2729 iacta
861 2690 898 2729 ex
919 2676 1001 2728 metu
1019 2674 1163 2743 importat

233 2744 364 2815 aliquam
378 2745 563 2811 electionem,
576 2746 635 2801 etsi
653 2747 684 2800 in
699 2747 762 2817 ipsa
777 2747 946 2816 reperiatur
960 2743 1094 2815 quaedam
1108 2758 1164 2799 vo-

233 2816 359 2872 luntatis
372 2816 577 2887 repugnantia.

270 2886 450 2943 Scholium.
468 2889 564 2943 Metus
578 2901 645 2957 quae
659 2887 864 2957 exstingueret
878 2886 1088 2957 cognitionem,
1104 2883 1163 2941 tol-

229 2957 311 3026 leret
324 2958 415 3013 etiam
433 2957 620 3027 electionem,
635 2973 669 3013 ac
683 2958 809 3028 proinde
823 2957 1035 3013 voluntarium.

269 3031 314 3086 111.
342 3031 385 3083 De
413 3029 607 3099 ignorantia.
637 3030 764 3084 Ratione
791 3028 923 3097 subjecti
955 3032 1009 3091 est¹
1025 3026 1165 3096 negativa

233 3099 284 3157 vel
302 3100 441 3171 positiva,
460 3098 607 3154 vincibilis
628 3100 675 3155 vei
690 3099 885 3171 invincibilis3
906 3100 1021 3154 ratione
1037 3096 1163 3167 objecti,

232 3173 281 3227 est
292 3171 371 3241 juris
386 3171 434 3226 vel
450 3170 539 3241 t'acti3
554 3169 671 3227 ratione
685 3173 786 3242 actus,
811 3171 998 3241 antecedens,
1014 3168 1166 3225 concomi-

233 3246 304 3298 tans
318 3241 368 3297 vel
376 3254 571 3311 consequens.

268 3315 381 3370 Tussis
395 3315 416 3368 Ι.
433 3309 622 3382 Ignorantia
635 3310 826 3367 antecedens
841 3312 871 3366 ct
886 3308 1091 3366 invincibilis
1108 3322 1167 3366 vc·

233 3383 417 3439 luntarium
434 3382 527 3438 tollit.
542 3411 578 3422 -
591 3380 678 3436 Nulla
692 3384 772 3437 enim
786 3383 921 3437 remanet
934 3382 1073 3452 cognitio.

268 3456 381 3510 Tunsrs
394 3456 426 3510 11.
437 3482 472 3496 -
487 3452 562 3521 Quae
576 3452 659 3521 liunt
669 3468 743 3507 cum
761 3453 944 3524 ignorantia
955 3453 1169 3509 concomitan-

187 3561 191 3570 ·
235 3527 276 3595 le,
297 3539 365 3581 non
387 3528 466 3580 sunl
488 3522 626 3596 positive
649 3523 834 3581 uoluntaria
852 3538 912 3579 nec
933 3522 1167 3587 involuntaria,

28 3565 56 3590 r
117 3600 121 3605 '
233 3595 291 3651 sed
309 3598 387 3651 sunl
400 3611 468 3651 non
490 3594 681 3651 uoluntaria.
700 3624 737 3635 -
760 3596 789 3651 10
813 3597 877 3651 Non
900 3598 971 3651 sunl
988 3593 1169 3659 voluntaria,

116 3710 120 3716 .
227 3680 273 3730 ex
286 3665 405 3723 delectu
415 3666 603 3736 cognitionis
618 3668 649 3721 2⁰
663 3680 723 3723 non
736 3666 864 3737 positive
873 3665 1085 3738 involuntaria,
1096 3664 1169 3739 quia
