2642 4250
208 307 268 371 228
523 298 703 346 reuvrnmuu
721 285 922 336 rrrnosorrna
988 249 991 265 ¹

210 453 292 514 nent
316 450 352 505 S.
375 435 529 498 lustinus,
554 425 716 489 lottecar,
737 413 809 491 ejus
833 405 1022 483 discipulus,
1047 404 1081 461 et
1102 404 1137 458 S.
1157 400 1236 456 lra-

210 547 298 592 neus.
339 518 476 582 ineunte
510 511 622 567 autern
662 497 784 557 saeculo
822 485 983 552 seeundo,
1021 476 1235 558 philosophia

211 620 339 672 summo
363 591 540 675 splendore
573 579 700 649 enituit.
723 574 852 636 Etenim
883 564 1000 628 scholae
1023 560 1189 622 eclectioae
1212 571 1235 612 a

210 693 403 752 Potanrone,
425 670 550 733 Plotino
584 669 617 723 et
646 653 825 732 Porphyrio
847 642 1049 709 Alexandria
1070 637 1233 706 fundatae,

212 768 274 832 alia
296 760 408 825 schola
428 766 506 815 vere
528 743 685 806 eclectica
708 743 740 796 et
760 737 860 808 longe
882 722 1061 804 perfectior
1087 716 1234 784 suffecta

213 859 274 913 est.
292 840 484 906 Panthemus
503 825 579 888 huic
594 817 711 882 scholae
728 813 907 874 christiane
930 799 1099 864 exordium
1123 795 1231 862 dedit,

133 975 136 982 .
213 946 284 1010 quae
320 939 339 982 a
374 915 532 978 Clemente
566 895 800 964 ,cccccccccc
838 889 982 962 Oripenc,
1022 879 1233 951 Attauopora

211 1007 372 1076 illustrata
393 995 464 1056 fuit.
972 1002 976 1016 ι

253 1080 440 1160 Aremoricus
466 1073 587 1128 Saccas
608 1055 766 1136 epocham
794 1045 947 1108 terminat
970 1031 1235 1114 Neoplatonismi

129 1242 131 1251 ¹
214 1159 424 1234 Alexandrini
469 1141 704 1208 christianismo
749 1126 887 1194 iniensi;
923 1119 1013 1182 unde
1049 1111 1233 1192 aliquando

358 1241 364 1252 ’
392 1252 424 1296 m
447 1229 656 1294 christianum
678 1211 779 1274 ordiri
801 1205 917 1267 dicitur
939 1201 978 1260 ah
1001 1199 1072 1274 ipso
1094 1201 1231 1255 Ammo-

273 1376 280 1401 ,
458 1316 526 1370 tem
557 1297 781 1362 aPanthaeno.
809 1281 1011 1346 Annuonius,
1035 1273 1234 1352 parentibus

216 1399 397 1472 christianis
418 1395 527 1458 natus,
551 1399 570 1442 a
590 1382 661 1439 vitae
683 1383 820 1454 genere,
845 1362 935 1441 quod
956 1358 1102 1436 primitus
1124 1357 1234 1414 secta-

215 1499 269 1552 tus
297 1481 416 1545 fuerat,
449 1460 701 1545 cognominatus
736 1451 864 1515 Saccas,
900 1443 963 1502 hoc
996 1443 1046 1498 est
1079 1433 1234 1514 gerulus,

215 1558 416 1633 Alexandriae
439 1546 551 1611 docuit
570 1536 687 1600 saeculo
710 1525 857 1590 secundo
881 1523 1037 1592 exeunte,
1060 1522 1161 1592 atque
1183 1513 1233 1572 in-

216 1645 267 1712 tc'r
288 1656 366 1706 suos
388 1627 567 1705 discipulos
589 1616 759 1694 Originem
781 1601 1018 1667 annumeravit.

254 1727 373 1787 Praeter
393 1717 478 1776 hanc
499 1701 645 1767 scholam
666 1685 930 1754 Alexandrinam,
955 1691 1029 1755 quae
1051 1674 1235 1734 maximam

218 1809 338 1870 famam
359 1788 499 1858 obtinuit
526 1785 561 1843 in
591 1778 745 1839 universo
778 1772 870 1833 orhe,
903 1760 1078 1820 eluxerunt
1099 1755 1133 1812 in
1157 1749 1231 1810 Ori-

219 1894 296 1950 ente
319 1883 434 1958 quarto
456 1860 636 1945 praesertim
657 1849 775 1914 saeculo
800 1848 835 1905 S.
859 1839 1060 1908 Athanasium
1083 1839 1119 1894 S.
1142 1832 1234 1890 Bost-

219 1972 294 2037 tias,
311 1968 347 2024 S.
369 1950 539 2026 Greporr'm
558 1942 726 2014 Nyssenm,
744 1931 779 1987 S.
802 1921 973 1996 crepemus
992 1917 1233 1976 Nazianzenus,

221 2054 255 2109 S.
287 2048 423 2115 Jpcrcncs
453 2026 695 2100 chrysostomos
726 2011 759 2069 et
787 2002 882 2064 multi
904 2000 958 2060 alii
986 1997 1108 2055 Patres.
1141 1991 1235 2050 lianc

221 2126 383 2206 epocham
423 2107 536 2171 clausit
571 2095 688 2159 seculo
724 2091 839 2151 octavo
865 2083 901 2140 S.
935 2081 1072 2138 loannes
1105 2074 1232 2131 Domo-

219 2220 341 2272 retecto,
377 2193 432 2273 qui
469 2177 633 2247 communi
670 2182 834 2232 consensu
866 2158 1095 2221 historicorum
1125 2150 1236 2211 hahe-

220 2296 273 2349 tur
298 2287 335 2344 ut
365 2284 485 2353 parens
519 2252 730 2339 philosophiae
765 2240 983 2307 scholasticae.
1016 2233 1065 2297 Ad
1091 2229 1238 2291 formam

221 2368 309 2431 enim
336 2350 540 2420 dialecticam
560 2334 693 2412 redegit
713 2322 914 2401 theologiam
933 2310 1235 2393 supernaturalem.

477 2493 494 2554 s
513 2487 544 2540 ΙΙ.
564 2510 600 2521 -
618 2476 702 2531 AEtas
720 2464 979 2525 scholasticorum.

260 2656 479 2721 harbarorum
512 2640 647 2698 incursu
682 2619 861 2697 irrequieto
902 2618 934 2672 et
967 2606 1236 2685 ingravescente,

221 2730 437 2821 philosophiae
459 2716 606 2781 studium
636 2698 827 2782 aliquandiu
854 2690 994 2761 delituit3
1019 2688 1052 2747 in
1076 2682 1236 2745 coenobiis

222 2824 350 2884 tantum
372 2814 449 2869 tunc
471 2792 628 2871 temporis
658 2778 848 2859 etquidem
875 2790 895 2834 a
915 2770 1029 2848 paucis
1052 2764 1234 2825 colebatur¹

222 2899 289 2965 Sed
316 2894 435 2971 postea
456 2898 474 2941 e
498 2870 640 2950 tenebris
673 2872 849 2939 emergens
881 2850 924 2913 ad
954 2861 1148 2924 supremum
1169 2841 1236 2903 ias-

222 2982 337 3059 ligium
360 2966 475 3029 evecta
497 2958 562 3025 est;
591 2942 796 3027 philosophia
820 2936 909 2996 enim
930 2927 1125 2990 scholastica
1151 2921 1236 2983 adeo

223 3056 338 3123 claruit
358 3056 456 3123 atque
474 3037 522 3099 ¹ad
547 3031 644 3093 talem
672 3014 883 3101 perfectionis
913 3010 1040 3085 apicem
1071 3004 1236 3081 pervenit,

221 3149 260 3204 ut
281 3156 299 3199 a
320 3132 376 3194 tali
397 3121 548 3185 acumine
570 3112 686 3187 postea
707 3100 842 3161 minime
866 3085 1059 3151 excreverit,

262 3203 468 3282 Philosophia
488 3190 678 3256 scholastico
697 3184 744 3241 sic
765 3178 900 3237 vocatur
923 3186 964 3229 ex
985 3158 1144 3227 methodo
1168 3176 1238 3239 quae

221 3296 357 3365 invaluit
387 3288 422 3346 in
450 3273 585 3343 scholis3
618 3268 686 3327 haec
718 3263 828 3319 aulem
859 3251 941 3311 ratio
973 3238 1237 3323 philosophandi,

224 3380 356 3447 omnino
379 3353 570 3428 scientifica,
593 3342 700 3423 magis
723 3330 969 3399 accommodata
992 3328 1042 3387 est
1064 3321 1108 3383 ad
1129 3320 1239 3397 philo-

224 3458 374 3537 sophiam
406 3432 604 3505 docendam,
635 3424 711 3503 quia
743 3416 883 3479 strictior
915 3413 966 3471 est
986 3421 1024 3466 ac
1051 3399 1236 3471 dilucidior,

223 3542 309 3621 stylo
331 3520 486 3611 pressiori
514 3514 626 3578 utitor,
659 3500 775 3565 ordine
806 3490 1007 3555 strictissimo
1038 3482 1236 3553 delectatur,

227 3629 261 3684 et
292 3615 335 3679 ad
365 3602 556 3669 dialectica.
576 3587 653 3650 artis
683 3592 831 3643 normam
863 3570 965 3649 exigit
993 3578 1070 3625 suas
1103 3560 1237 3637 expost-

226 3707 345 3763 tiones.
