2642 4250
88 448 142 509 47.
171 481 210 490 -
234 449 342 508 Tnnsrs
368 448 391 508 Ι.
417 450 564 508 Actiones
588 454 784 510 concurrunt
810 403 859 522 eff

131 529 316 589 ductionem
330 528 469 588 habitas.

133 654 227 714 Nota.
249 655 305 714 Hic
325 653 433 731 agitur
452 652 494 714 de
517 653 683 715 habitibus
704 654 882 732 acquisitis
912 670 980 715 nou
1003 659 1114 716 autem

93 731 137 792 de
152 733 319 794 habitibus
333 731 449 793 infusis
465 733 500 813 (l,
518 732 599 812 368).

133 813 310 873 Probatur.
332 814 465 874 Habitus
485 818 535 874 est
555 830 573 873 a
592 814 740 890 potentia
759 815 812 876 vel
831 813 872 874 ab
892 818 970 873 actu
999 832 1006 872 :
1027 814 1054 874 si
1073 813 1114 874 ab

92 891 167 966 ipsa
186 893 335 968 potentia
353 894 406 953 vel
425 893 465 954 ab
487 901 561 954 actu
582 898 687 954 ortum
707 909 774 954 non
796 893 944 964 duceret,
967 897 1023 953 aut
1046 907 1115 955 non

95 974 187 1032 esset
206 973 398 1050 acquisitus,
420 977 476 1032 aut
498 975 599 1049 ipsam
620 975 798 1050 potentiam
825 975 1021 1034 intrinsecus
1046 988 1115 1034 non

95 1048 258 1125 afficeret3
280 1058 397 1129 praeter
415 1052 518 1128 ipsam
538 1051 725 1113 facultatem
748 1059 782 1114 et
801 1054 1012 1131 operationes
1035 1053 1116 1114 nihil

93 1137 246 1193 remanet
259 1129 406 1194 facultati
419 1134 643 1193 intrinsecum.
660 1136 759 1210 Atqui
773 1151 841 1193 non
857 1138 907 1194 est
922 1151 940 1194 a
956 1134 1113 1210 potentia,

94 1211 213 1272 saltem
228 1213 430 1285 immediate;
447 1229 522 1272 nam
538 1214 684 1289 potentia
702 1218 752 1275 est
765 1213 957 1274 indifferens
973 1212 1015 1272 ad
1030 1212 1112 1272 mul-

97 1295 148 1351 tos
172 1292 305 1352 habitus
330 1291 560 1369 suscipiendos
588 1312 595 1353 :
622 1309 702 1371 ergo
723 1309 807 1370 opus
830 1299 881 1353 est
905 1293 1033 1354 actibus
1058 1293 1115 1370 qui

96 1387 173 1511 θὶῃῐι
196 1371 420 1433 determinent
443 1371 486 1433 ad
511 1373 611 1434 talem
635 1373 792 1447 habitum,
819 1373 926 1450 potius
952 1389 1048 1450 quam
1072 1371 1115 1432 ad

95 1466 114 1511 a
128 1468 188 1512 ros

135 1531 188 1590 48.
203 1564 242 1573 -
255 1532 486 1603 corollarium.
498 1532 544 1591 Ex
560 1531 654 1593 dictis
665 1532 960 1605 constathabitum‚
979 1532 1035 1608 qui
1049 1530 1112 1590 sal-

97 1615 164 1670 tem
182 1610 250 1689 jam
272 1617 323 1672 est
348 1612 501 1688 adeptus,
528 1628 642 1672 omnes
669 1628 747 1672 suos
771 1612 965 1673 intensionis
989 1609 1114 1687 gradus

96 1707 224 1770 augere
243 1708 342 1766 posse
362 1709 423 1770 per
444 1692 610 1769 quoslibet
631 1699 723 1752 actus
747 1711 753 1751 :
778 1699 870 1752 actus
890 1693 974 1751 enim
991 1689 1115 1768 aliquid

96 1769 298 1847 producunt,
320 1778 353 1833 et
371 1772 559 1833 facultatem
581 1772 683 1849 magis
703 1789 741 1831 ac
761 1775 866 1850 magis
890 1771 1047 1832 inclinant
1072 1770 1113 1831 ad

99 1850 165 1910 tale
180 1852 363 1930 objectum;
380 1852 524 1928 ideoque
538 1852 646 1928 ipsum
661 1852 808 1912 habitum
824 1852 1003 1930 adaugent,
1021 1866 1112 1912 eum·

98 1946 166 2007 que
180 1929 353 1995 firmiorem
369 1931 524 1993 reddunt.

96 2051 148 2114 49.
180 2088 220 2096 -
247 2056 355 2116 Tarsis
384 2058 419 2115 ll.
450 2056 586 2116 Habitus
618 2053 830 2114 debilitantur
862 2058 891 2112 et
923 2054 1115 2130 quandoque

131 2136 265 2210 penitas
280 2138 491 2197 eradicantur
500 2152 563 2212 per
578 2140 669 2196 actus
683 2136 873 2196 contrarios.

136 2257 312 2317 Probatur.
326 2260 425 2317 Actus
437 2261 636 2319 concurrunt
649 2256 799 2317 effective
811 2254 853 2315 ad
864 2254 1116 2333 productionem

98 2336 230 2397 habitus
250 2353 311 2397 seu
330 2337 372 2397 ad
400 2335 586 2397 facultatem
614 2336 719 2396 taliter
743 2336 977 2397 inclinandam.
1002 2336 1114 2411 ltaque

97 2420 191 2476 actus
208 2418 361 2479 contrarii
377 2418 472 2477 alicui
488 2417 612 2477 habitui
627 2416 786 2476 inclinant
804 2416 905 2491 ipsam
927 2414 1117 2475 facultatem

96 2496 131 2554 in
147 2494 360 2557 directionem
375 2496 451 2556 huic
466 2496 590 2575 habitui
606 2496 800 2573 oppositam,
817 2512 878 2556 seu
888 2495 973 2554 illius
985 2494 1116 2555 habitus

98 2575 287 2654 subjectum
311 2578 482 2636 retrahunt
502 2577 542 2637 ab
565 2576 626 2636 hac
646 2582 738 2651 parte
762 2576 795 2635 in
821 2592 918 2653 quam
944 2574 1114 2651 vergebat.

98 2655 196 2733 Ergo,
219 2670 294 2714 cum
313 2655 437 2733 aliquid
457 2672 523 2717 non
547 2655 650 2733 possit
675 2657 773 2716 simul
796 2656 903 2715 stabili
922 2652 1020 2713 moda
1040 2651 1116 2714 hinc

99 2739 200 2812 atque
225 2736 313 2797 illinc
336 2735 509 2810 incurvari,
535 2751 675 2796 necesse
700 2738 811 2795 estut
835 2739 927 2795 actus
951 2733 1116 2795 habitibus

101 2815 254 2875 contrarii
275 2814 413 2877 eosdem
431 2820 487 2875 aut
507 2817 698 2875 imminuant
717 2818 773 2874 aut
788 2814 943 2874 radicitus
960 2814 1116 2875 evellant.

137 2895 189 2956 50.
210 2928 248 2938 -
272 2896 450 2956 Sotiatium.
474 2894 596 2957 Desitio
617 2896 657 2956 ab
674 2894 803 2955 actibus
818 2898 929 2970 potest
945 2896 1042 2954 etiam
1057 2895 1115 2951 ml-

99 2987 214 3049 uuere‚
233 2978 297 3037 imo
316 2975 477 3036 attollere
493 2975 634 3035 habitus
652 2974 688 3035 ld
703 2974 905 3049 experientia
918 2972 1120 3035 sufficienter

100 3060 243 3127 constat3
268 3054 444 3132 aliquando
465 3055 616 3115 videmus
640 3054 764 3130 peritos
787 3055 821 3114 iu
845 3055 954 3130 aliqua
978 3052 1115 3114 scientia

98 3133 151 3195 vix
164 3135 356 3196 meminisse
373 3152 487 3197 eorum
504 3152 573 3213 quae
587 3135 677 3211 prius
693 3134 841 3210 apprime
856 3138 1027 3194 noverant.

259 3271 276 3333 ἓ
291 3269 323 3322 ll.
339 3270 379 3322 De
393 3266 541 3322 habitibus
555 3265 650 3338 bonis,
668 3280 720 3320 seu
735 3264 771 3320 de
785 3266 957 3321 virtutibus.

254 3387 273 3434 l.
289 3382 354 3445 Quid
368 3388 394 3433 el
407 3384 544 3449 quotuplex
558 3383 591 3433 sit
604 3382 695 3446 virtue,
706 3381 837 3449 speciatim
851 3383 966 3433 moralist

139 3503 189 3563 51.
208 3502 375 3576 Destititio?
388 3499 438 3561 Ad
453 3517 574 3561 nomen
587 3499 815 3576 uirtutisquod
830 3482 957 3572 attinet,
973 3498 1119 3560 animad-

100 3580 298 3643 vertendum
321 3584 371 3641 est
383 3580 469 3641 hanc
482 3596 600 3643 vocem
619 3582 732 3657 plures
756 3580 906 3641 obtinere
925 3578 1118 3657 significatio

100 3676 176 3739 nes:
194 3664 222 3723 1ο
236 3662 481 3739 Nonnunquam
494 3666 671 3739 usurpatur
684 3676 744 3739 pro
760 3675 967 3739 quacumque
972 3658 1122 3738 potentia
