2642 4250
439 277 545 320 armari
565 278 737 323 cananitis.
1056 268 1097 330 65

77 425 147 483 1Ξο.
175 458 213 516 -5
235 426 345 485 Tnnsrs
368 426 404 484 ll.
428 428 495 485 Lea
520 427 686 488 natrtralr's
707 445 770 490 aaa
799 432 915 507 accr'pr't
929 435 1096 510 dispensa-

113 505 236 563 tionem
246 507 383 580 proprie
397 506 530 567 dictant.

111 627 206 686 Nota.
231 626 439 702 Dispensatio
462 625 602 687 babetur
624 628 757 706 quando
782 631 904 692 tollitur
936 635 1093 713 obligatio

70 705 161 783 legis
190 721 248 782 pro
273 707 382 782 aliquo
409 706 542 767 bomine
577 709 610 766 in
640 710 841 786 particulari,
865 713 1000 790 reliquis
1022 733 1093 778 ma-

71 786 233 847 nentibus
259 786 423 865 obligatis,
448 787 561 862 ltaque
584 803 644 862 per
671 789 836 867 ejusmodi
873 791 1091 870 dispensatio-

71 881 149 926 nem
178 865 372 926 conceditur
396 867 493 927 alicui
514 873 550 927 ut
571 873 648 946 agat
672 875 784 930 contra
811 873 923 950 legem
957 877 1090 952 quanda

71 947 127 1006 lex
151 944 252 1024 viget.

114 1027 290 1085 Probatur.
315 1027 506 1100 Dispersare
528 1028 578 1085 est
600 1025 745 1102 aliquem
765 1027 934 1092 hominem
950 1033 1091 1108 particu-
1158 1052 1160 1055 ·

72 1106 178 1165 larem
194 1103 337 1164 reddere
353 1106 533 1164 immunem
555 1121 574 1164 a
597 1107 763 1166 communi
779 1109 978 1187 obligatione
993 1113 1089 1192 legis.

73 1188 173 1262 Atqui
194 1185 228 1245 id
252 1189 339 1244 esset
367 1185 544 1245 intrinsece
568 1186 700 1258 malum,
723 1189 751 1247 si
772 1194 929 1266 ageretur
951 1190 992 1252 de
1014 1194 1091 1273 lege

75 1265 235 1339 naturali;
270 1263 469 1341 dispensatio
507 1264 594 1324 enim
627 1265 695 1325 lraea
735 1266 881 1344 aliquem
910 1273 1092 1333 immunem

73 1345 234 1406 redderet
256 1361 274 1409 a
295 1345 371 1422 lege
405 1343 589 1404 essentialis
620 1346 815 1418 honestatis,
848 1365 908 1410 seu
936 1351 982 1412 illi
1012 1369 1090 1429 per-

74 1429 222 1486 mitteret
245 1426 334 1501 quod
356 1432 407 1485 est
436 1425 614 1486 intrinsece
642 1426 864 1488 inhonestum.
899 1431 983 1508 Ergo
1022 1433 1091 1494 dis-

75 1506 229 1583 pensatio
253 1507 286 1566 in
307 1505 384 1582 lege
406 1505 546 1564 naturali
567 1503 683 1564 baberi
703 1510 830 1583 nequit.
961 1567 968 1588 ,

112 1588 270 1646 Attamen
292 1591 451 1661 precepta
468 1583 552 1662 juris
574 1586 732 1646 naturalis
748 1603 823 1662 quae
839 1590 872 1645 in
887 1589 1090 1667 obligatione

75 1682 176 1744 quam
198 1664 369 1727 inducunt.
399 1664 548 1739 pendent
578 1679 596 1722 a
627 1679 792 1726 consensu
822 1668 997 1730 voluntatis
1027 1670 1088 1731 liu·

75 1762 192 1817 manae,
211 1762 243 1806 v.
266 1760 315 1822 gr.
339 1749 461 1810 votum,
482 1747 717 1820 juramentum,
740 1751 881 1821 possunt
910 1749 1088 1826 aliquando
1184 1752 1188 1758 “

75 1843 135 1902 per
164 1825 316 1887 homines
349 1823 542 1900 dispensari,
576 1837 643 1882 non
673 1826 792 1884 directe
822 1843 884 1887 seu
904 1827 1088 1890 auferendo
1154 1839 1160 1848 “

75 1905 314 1983 obligationem
334 1903 419 1981 legis
441 1902 605 1971 naturalis,
629 1905 704 1980 quia
725 1904 797 1962 haec
821 1914 983 1985 precepta
1006 1926 1088 1971 con-

75 1986 183 2046 tinent
203 1984 415 2045 intrinsecam
436 1983 654 2056 honestatem,
679 1983 739 2044 sed
762 1986 925 2059 indracto,
953 2005 1013 2049 seu
1034 2007 1086 2051 re-

75 2065 238 2128 mittendo
262 2064 411 2125 debitum
433 2067 539 2122 ortum
566 2078 607 2122 ex
645 2079 810 2124 consensu
840 2066 996 2138 humano,
1034 2071 1091 2148 qui

75 2145 307 2225 aliquomodo
331 2144 564 2205 estobnoxius
595 2146 750 2219 potestati
781 2145 938 2207 humanae.
976 2152 1090 2228 ltaque

75 2228 143 2287 lraec
168 2224 369 2303 dispensatio
391 2224 531 2300 attingit,
554 2239 621 2283 non
643 2224 748 2299 ipsam
763 2224 883 2302 legem,
908 2245 978 2304 qua
1000 2231 1033 2290 in
1055 2248 1091 2292 se

74 2322 248 2382 nunquam
267 2302 408 2365 relaxari
429 2307 549 2380 potest,
571 2302 633 2363 sed
664 2304 834 2364 materiam
866 2324 936 2383 quae
967 2311 1093 2384 pendet

75 2388 285 2447 avoluntate
307 2386 460 2445 bumana.
484 2384 540 2443 lus
568 2400 647 2461 ergo
680 2389 806 2443 naturae
840 2387 1029 2459 formaliter
1059 2396 1092 2451 et

74 2467 207 2543 proprie
242 2463 408 2541 loquenda
444 2461 563 2523 mutari
597 2466 723 2539 nequit,
762 2464 823 2524 sed
858 2470 1089 2544 materialiter,

74 2546 253 2623 improprie
277 2551 309 2605 et
329 2543 500 2613 indirecte,
525 2545 641 2602 mutari
663 2548 784 2618 potest,
819 2560 938 2621 nempe
975 2548 1091 2610 ablatis

75 2628 128 2687 vel
150 2626 282 2686 mutatis
304 2622 490 2685 conditione
514 2629 546 2683 et
568 2624 818 2685 circumstantiis
840 2626 995 2703 aquibus
1006 2627 1090 2691 forte

75 2706 251 2783 penderet.

77 2835 145 2895 121.
169 2865 208 2875 -
228 2832 336 2891 Tnnsrs
359 2828 408 2888 lll.
431 2829 498 2886 Lea
522 2827 632 2887 divina
645 2828 784 2903 positiva
804 2829 1087 2907 adraparr'potcst.

114 2947 290 3007 Probatur.
316 2946 345 3004 1⁰
365 2943 412 3001 Ex
433 2940 516 3001 facto
545 2960 552 3001 :
577 2941 724 3020 quadam
757 2942 846 3001 enim
871 2948 984 3019 partes
1004 2947 1089 3027 legis

76 3028 218 3089 llosaicae
232 3023 367 3085 fuerunt
388 3023 568 3098 abrogatae.

114 3108 280 3168 Probatur
300 3106 343 3165 2⁰.
381 3101 494 3162 Omnis
528 3099 698 3179 legislator
731 3106 934 3176 potestatem
964 3104 1091 3168 habens

77 3190 169 3265 leges
191 3202 251 3263 pro
274 3185 364 3245 libito
398 3180 576 3251 condendi,
600 3180 703 3239 babet
736 3186 861 3256 pariter
894 3188 1092 3258 potestatem

94 3282 193 3345 egem
214 3280 309 3326 suam
325 3260 506 3339 abrogandi
528 3265 560 3321 et
583 3258 793 3333 destruendi;
819 3266 868 3322 est
891 3262 1008 3324 eadem
1043 3264 1094 3326 fa-

80 3350 180 3408 cultas
197 3344 309 3423 quoad
329 3348 504 3417 utramque
526 3346 665 3417 partem.
688 3340 787 3402 Porro
810 3342 899 3401 Deus
923 3348 972 3402 est
991 3345 1092 3423 legis-

78 3428 159 3489 lator
182 3426 238 3503 qui
259 3424 362 3485 habet
383 3425 581 3497 patestatem
606 3419 774 3481 condendi
796 3421 891 3499 leges
922 3425 1094 3499 positivas;

79 3507 294 3583 easdemque.
316 3518 384 3565 non
407 3518 448 3561 ex
469 3500 668 3561 necessitate
689 3504 823 3572 natura,
847 3499 907 3560 sed
927 3504 1094 3577 prolibita

79 3585 236 3648 condidit.
258 3586 344 3662 Erga
366 3586 477 3659 potest
499 3579 635 3641 casdem
656 3580 831 3658 abrogare.
1150 3653 1156 3659 ἱ

117 3669 185 3730 122.
203 3700 242 3709 -
261 3662 439 3728 Sabellam.
463 3662 614 3737 Quinque
635 3660 744 3721 modis
764 3663 875 3739 potest
894 3664 1016 3726 mutari
1037 3664 1092 3739 lex

397 3760 479 3807 Baav.
493 3756 568 3807 Pau..
582 3756 612 3806 Τ.
626 3756 754 3805 tit-5.
810 3803 814 3809 ,
