2642 4250
229 262 270 324 62
536 283 718 329 unsvinuou
740 283 944 328 ruinosorunu

272 393 498 468 Consuetudo,
520 405 555 455 ut
575 397 698 459 habeat
717 399 784 459 vim
811 399 905 478 legio,
935 398 1143 459 conditiones
1166 400 1200 458 le
1229 398 1257 458 is

231 491 296 551 pra
319 491 355 534 se
378 473 464 535 ferre
488 475 607 549 debet;
645 478 863 554 quamobrem
885 479 988 540 debet
1009 495 1083 539 esse
1108 481 1138 539 l⁰
1159 495 1201 538 or
1230 479 1260 523 '-

230 554 318 616 natio
341 555 476 616 rationis
502 555 544 616 ad
570 559 697 619 bonum
725 572 912 629 commune,
942 575 1004 619 seu
1033 574 1144 619 mores
1176 574 1257 620 esse

228 633 356 696 debent
391 637 617 704 rationabiles·
646 639 679 698 2⁰
709 636 812 698 debet
846 654 921 699 esse
952 640 1140 712 contutante,
1174 640 1258 716 qiua

229 714 285 775 lex
307 713 519 793 distinguitur
540 732 559 776 a
580 721 745 794 precepto
769 733 808 777 eo
832 717 923 795 quod
942 718 1025 795 ligat
1041 723 1141 778 totam
1158 735 1256 778 com-

230 795 441 866 munitatem3
466 797 497 854 3⁰
520 813 626 858 mores
649 797 924 858 consuetudinem
945 797 1159 869 inducentes,
1189 797 1256 858 de-

230 875 312 936 bent
333 889 408 934 esse
430 880 615 948 constanter,
637 878 713 952 quia
729 878 783 937 lex
799 883 916 938 natura
933 891 992 937 sua
1009 884 1058 937 est
1072 889 1255 954 perpetua,

229 955 269 1042 4⁰·
281 957 464 1030 conformes
485 955 645 1016 voluntati
658 956 826 1033 principis,
843 959 920 1035 quia
934 958 990 1018 lex
1004 958 1046 1018 ab
1062 973 1102 1017 eo
1119 959 1178 1034 qui
1191 972 1254 1018 eu-

229 1049 301 1095 ram
323 1035 565 1095 communitatis
586 1036 699 1103 babet,
714 1035 829 1097 fertur.
852 1039 925 1098 Non
939 1042 1050 1098 tamen
1069 1038 1257 1114 requiritur

231 1129 389 1191 expressa
411 1116 567 1192 principis
588 1117 795 1192 approbatio,
816 1122 853 1177 ut
874 1116 916 1178 de
935 1117 998 1177 hac
1020 1115 1257 1178 conformitate

231 1198 376 1265 constet;
401 1195 552 1255 voluntas
576 1197 664 1256 enim
678 1196 836 1272 principis
858 1202 909 1258 est
922 1214 982 1273 pro
997 1197 1085 1257 bono
1100 1197 1256 1272 publico,

232 1277 265 1333 et
286 1272 427 1349 proinde
450 1275 583 1351 quando
609 1281 738 1337 constat
759 1278 884 1337 bonum
905 1276 1073 1353 publicum
1088 1292 1210 1338 revera
1224 1283 1261 1337 et

231 1358 422 1414 constanter
451 1355 537 1415 hanc
568 1357 731 1416 rationem
761 1356 883 1433 agendi
913 1372 1064 1434 poscere,
1098 1358 1258 1418 voluntas
1315 1364 1316 1375 ¹

228 1433 425 1511 legislatoris
438 1439 593 1495 censetur
613 1434 725 1497 favere
741 1437 981 1497 consuetudini.
998 1438 1062 1496 llac
1079 1434 1121 1495 de
1136 1453 1256 1509 causa,

225 1513 281 1591 jus
304 1514 500 1574 canonicum
522 1519 555 1574 et
577 1515 670 1576 civile
692 1532 867 1576 romanum
888 1517 971 1578 duas
988 1521 1118 1575 tantum
1138 1518 1257 1578 condi·
1315 1566 1316 1569 ,

229 1593 336 1654 tiones
358 1595 568 1668 expostulant
587 1600 623 1655 ut
639 1595 846 1657 consuetudo
860 1600 926 1657 vim
940 1596 1025 1674 legis
1040 1597 1173 1670 habeat,
1189 1614 1255 1656 rc-

228 1674 476 1734 tt‘ooobt'tt'tctem
497 1675 621 1735 scilicet
642 1680 676 1735 et
693 1678 978 1752 prescriptionem.

271 1805 337 1867 114.
356 1839 394 1847 -
418 1810 462 1866 Dc
476 1810 645 1868 emittentia
659 1809 740 1884 lepis
752 1814 891 1872 ootcrae.

228 1939 335 1998 Tussis
350 1939 373 1998 1.
389 1940 508 2000 Emittit
523 1941 556 1998 to
569 1940 698 2000 bomine
713 1941 768 2001 tec
781 1942 956 2002 naturalis.

268 2072 440 2131 Probatur.
462 2074 491 2133 1ο
513 2073 557 2133 Ex
579 2073 765 2136 testimonio
788 2074 1004 2144 conscientiae,
1030 2090 1100 2151 quae
1121 2073 1251 2148 laudat,

228 2155 362 2211 accusat
377 2156 432 2211 aut
453 2152 632 2225 remordet,
653 2161 752 2230 prout
772 2156 870 2215 homo
890 2156 964 2216 voci
984 2157 1119 2215 internae
1139 2158 1254 2230 paret,

227 2231 281 2292 vel
302 2246 414 2303 secus;
449 2247 547 2307 porro
576 2250 641 2294 vox
662 2235 717 2294 illa
740 2238 870 2298 interna
896 2251 964 2296 non
985 2236 1076 2295 venit
1097 2252 1139 2296 ex
1162 2234 1255 2295 edu·

230 2313 371 2381 catione,
394 2326 471 2371 nam
494 2316 546 2372 est
568 2318 734 2387 constane,
751 2316 945 2377 universalis
960 2318 993 2375 et
1014 2314 1250 2375 ineluctabilis,
1316 2367 1317 2370 ,

268 2392 300 2451 2⁰
325 2393 414 2451 Deus
438 2392 524 2452 velle
552 2391 654 2453 debet
679 2394 923 2457 ordinationem
955 2399 1180 2455 creaturarum
1206 2392 1255 2454 ad

229 2485 344 2531 earum
357 2468 470 2543 linem,
487 2474 672 2548 permedia
686 2476 777 2535 hisce
793 2475 932 2536 diversis
947 2476 1103 2535 creaturis
1118 2490 1254 2535 accom-

228 2550 378 2622 modatam
402 2550 437 2610 id
461 2556 590 2613 constat
612 2570 653 2614 ex
669 2556 738 2615 solo
755 2559 919 2632 conceptu
933 2555 1099 2632 sapientia
1119 2554 1250 2615 divinae.

227 2632 327 2708 Atqui
348 2630 509 2692 ordinatio
526 2633 609 2693 entis
631 2636 757 2696 ratione
781 2642 813 2696 et
832 2636 983 2695 libertate
1002 2633 1138 2711 praediti,
1156 2633 1254 2711 quod

228 2708 367 2786 proinde
389 2728 526 2771 suorum
548 2718 681 2774 actuum
697 2720 748 2775 est
770 2714 934 2787 deminuo,
958 2714 1061 2775 debet
1088 2712 1251 2774 determi-

225 2790 297 2850 nari
317 2806 379 2867 per
399 2791 512 2870 legem
535 2809 542 2851 :
565 2793 648 2854 illud
671 2808 731 2854 ens
751 2811 819 2857 non
841 2800 909 2856 tam
929 2794 1059 2855 ducitur
1083 2810 1184 2872 quam
1211 2809 1251 2853 se

225 2869 328 2930 ducit.
351 2872 436 2947 Itrgo
464 2886 539 2931 curn
564 2880 728 2951 perpetuo
755 2890 792 2934 se
820 2888 940 2953 regere
972 2873 1095 2934 debeat
1124 2873 1252 2933 intuitu

223 2948 298 3010 finis
319 2951 436 3025 ultimi,
459 2966 599 3014 necesse
622 2960 674 3017 est
694 2958 731 3014 ut
744 2954 800 3014 lex
820 2958 893 3032 ipsa
906 2956 948 3016 sit
968 2954 1072 3014 menti
1094 2952 1167 3031 ejus
1188 2968 1252 3013 na·

225 3030 374 3091 turaliter
394 3031 570 3107 insculpta.

267 3111 333 3171 115.
358 3144 397 3153 -
418 3111 596 3171 scholium.
620 3112 688 3171 Lex
709 3113 868 3175 naturalis
887 3114 921 3174 in
941 3114 1012 3174 Deo
1033 3114 1251 3189 praeexistere

225 3188 338 3263 debet,
372 3189 428 3267 qui
461 3194 512 3251 est
540 3191 621 3265 ratio
655 3191 779 3253 ordinis
798 3210 921 3254 rerum.
956 3194 992 3253 lu
1021 3193 1252 3273 gubernatore

226 3270 314 3331 enim
334 3269 472 3347 reperiri
486 3272 648 3331 rationem
670 3270 890 3334 sufficientem
912 3289 1027 3334 eorum
1049 3289 1120 3350 quac
1143 3281 1247 3349 agu⁴

198 3348 201 3355 '
223 3351 371 3411 bematis
393 3348 581 3412 efficiuntur
602 3366 742 3414 necesse
766 3358 817 3414 est
840 3372 848 3415 :
871 3353 939 3415 haec
960 3355 1024 3421 lex,
1047 3368 1108 3413 seu
1132 3352 1249 3428 potius

223 3431 276 3492 hio
301 3434 400 3509 typus
420 3431 506 3509 legis
527 3432 698 3505 naturalis,
717 3434 773 3494 lex
793 3437 915 3494 aeterna
937 3436 1090 3507 vocatum
1114 3437 1148 3493 et
1165 3456 1179 3486 ι
1196 3434 1247 3493 si-

103 3520 117 3553 1
143 3558 144 3561 ,
226 3515 280 3571 cut
300 3514 381 3572 ratio
403 3528 515 3571 rerum
536 3509 722 3573 fiendarum
743 3530 804 3590 per
830 3517 946 3586 artem,
973 3515 1080 3591 inquit
1109 3516 1248 3574 sanctus

165 3608 169 3621 ‘
224 3591 376 3662 Thomas,
393 3596 527 3651 vocatur
541 3608 594 3652 ars
608 3592 663 3653 vel
679 3596 849 3671 exemplar
861 3608 973 3654 rerum
988 3592 1245 3667 uulneratorum,

21 3749 24 3758 Δ
63 3674 132 3756 ιι’
144 3668 157 3727 Γ,
224 3668 266 3731 ita
289 3670 389 3732 etiam
411 3670 491 3731 ratio
514 3672 731 3749 gubernantis
745 3679 839 3735 actus
853 3672 1062 3735 subditorum
1079 3673 1246 3735 rationem
