2642 4250
438 277 541 320 armus
564 273 734 320 ornemus,
1058 261 1097 323 29

75 402 194 459 contra
212 395 265 456 vel
283 396 402 471 praeter
419 392 568 468 regulam
589 406 729 463 morum,
750 392 861 451 utitur.
883 392 966 468 Ergo
983 393 1096 471 nequit

74 475 238 538 recedere
258 491 277 535 a
291 479 382 534 recta
403 474 528 531 ratione
545 486 605 530 seu
626 468 803 531 deflectere
819 471 888 532 sive
903 488 963 548 per
979 487 1093 535 exces-

74 573 163 632 sum,
182 557 251 616 sive
268 570 327 631 per
343 549 509 612 defectum
525 565 544 608 a
561 551 690 610 tramite
706 554 852 625 rationis
870 554 949 629 quin
966 551 1096 614 desinat

76 653 152 698 esse
168 637 283 698 virtus
300 635 384 711 Ergo
402 629 549 691 consistit
564 631 598 689 in
609 628 733 691 medio.

76 763 127 822 53.
155 763 322 900 -l-Tlgmsrs
344 761 377 819 ll.
401 761 500 834 Homo
521 758 565 816 ud
577 757 722 832 perfecte
747 759 950 832 operandum
975 759 1096 833 tudt‘pet

116 842 170 901 uir
186 842 235 901 uti
256 857 303 900 us.
527 853 530 862 ·

117 963 295 1024 Probatur.
312 960 459 1022 Perfecte
476 977 652 1037 operamur
666 961 693 1019 si
708 959 925 1033 uniformiter,
942 967 1096 1039 prompte

78 1047 113 1104 et
123 1043 366 1104 constanterad
378 1043 548 1102 honestam
564 1043 788 1117 operationem
802 1058 863 1103 nos
876 1042 1094 1114 conferamus

79 1122 240 1199 perfectio
256 1123 393 1182 enimin
408 1119 576 1196 operando
593 1121 744 1191 habetur,
762 1122 893 1198 quando
910 1124 999 1183 nulla
1014 1139 1094 1200 ope-

78 1203 162 1263 ratio
187 1207 220 1262 et
241 1202 321 1262 nihil
340 1199 518 1279 quidquam
538 1203 571 1262 in
592 1201 782 1276 operatione
804 1203 954 1279 aregula
969 1219 1096 1263 morum

80 1282 241 1343 deflectit.
257 1283 355 1359 Atqui
371 1280 413 1341 ad
426 1288 516 1340 recte
532 1280 738 1356 operandum
751 1281 967 1352 uniformiter,
988 1299 1097 1358 prorn-

79 1368 136 1438 pte
154 1367 189 1422 et
204 1366 393 1422 constanter
406 1362 617 1438 requiruntur
631 1364 789 1421 virtutes:
811 1365 839 1422 1⁰
858 1360 901 1420 ad
919 1364 1095 1438 corformi-

78 1449 131 1502 ter
146 1447 181 1502 et
202 1447 384 1502 coarctanter
406 1440 623 1517 operandum.
646 1457 734 1509 nam,
755 1445 792 1500 ut
812 1442 855 1502 ait
877 1443 908 1501 S.
929 1444 1094 1503 Thomas:

83 1547 96 1574 ι
118 1523 166 1583 Ea
187 1537 257 1599 qua
279 1537 318 1581 ex
340 1520 408 1580 sola
430 1525 622 1596 operatione
643 1520 846 1597 dependent.
868 1521 963 1583 facile
979 1526 1097 1583 immu-

82 1607 204 1674 tantur,
226 1601 288 1662 nisi
308 1599 492 1662 secundum
512 1601 654 1678 aliquam
678 1601 922 1662 inclinationem
946 1603 1095 1663 habitua-

79 1681 148 1742 lem
165 1680 286 1742 fuerint
300 1681 455 1751 stabilita;
473 1678 611 1741 facultas
628 1683 717 1740 enim
738 1697 807 1757 qua
825 1682 921 1742 variis
941 1699 980 1743 ac
999 1685 1095 1743 innu-

79 1761 184 1821 meris
215 1759 319 1822 modis
354 1764 492 1820 attracta
528 1767 561 1820 et
591 1761 700 1820 illecta
731 1767 792 1832 est,
826 1766 860 1822 et
896 1762 1096 1840 quandoque

80 1841 323 1901 vehementiori
344 1844 460 1910 tractu,
483 1840 524 1900 ad
544 1840 680 1907 malum,
700 1856 768 1900 non
790 1857 924 1917 semper
947 1843 1097 1920 regulam

80 1936 211 1980 morum
236 1920 488 1997 obsequeretur,
516 1917 626 1997 siper
657 1921 793 1980 virtutes
820 1921 862 1981 ad
890 1924 1098 1983 honestatem

80 2001 185 2061 veluti
204 1997 353 2074 pondere
372 2017 431 2060 suo
451 2016 518 2060 non
537 2001 763 2071 inclinaretur;
783 2002 815 2060 2⁰
834 2019 900 2061 non
921 2007 1028 2062 minus
1044 2019 1095 2064 re-

82 2082 268 2159 quiruntur,
284 2086 321 2141 ut
332 2085 476 2155 prompte
492 2079 534 2140 ad
549 2081 758 2149 honestatem
774 2097 809 2141 se
821 2081 1073 2145 conferathomo
1090 2103 1096 2143 :

81 2176 161 2221 nam
179 2160 404 2237 inquisitione,
429 2160 666 2222 deliberatione
687 2166 720 2220 et
739 2163 970 2224 incertitudine
992 2165 1098 2241 magis

81 2240 229 2317 protrahi
245 2256 383 2301 necesse
400 2246 450 2300 est
465 2241 556 2300 illum
578 2244 633 2317 qui
647 2241 760 2301 habitu
780 2242 922 2318 quodam
937 2261 1004 2304 non
1021 2244 1097 2304 diri-

80 2324 171 2399 gitur
186 2336 251 2380 nec
262 2320 396 2398 juvatur
418 2320 452 2380 in
477 2320 544 2381 suis
560 2319 743 2381 actionibus
758 2322 938 2384 eliciendis.
956 2325 1040 2403 Ergo
1056 2323 1098 2385 ad

81 2399 231 2475 perfecte
248 2399 450 2475 operandum
466 2400 678 2477 requiruntur
692 2402 838 2462 virtutes.

122 2516 173 2575 54.
189 2549 227 2558 -
244 2515 364 2575 Diuisio
378 2516 543 2574 uirtutum.
557 2549 586 2558 -
601 2516 744 2576 Virtutes
760 2518 924 2593 acquisita
943 2517 1097 2580 distribu-

82 2602 184 2655 untur
204 2595 233 2653 1⁰
248 2594 280 2652 in
295 2594 543 2661 intellectuales,
568 2611 690 2671 nempe
706 2597 887 2657 intellectui
906 2598 1032 2673 insitas
1054 2607 1097 2671 et,

81 2676 114 2735 2⁰
137 2673 292 2743 morales
319 2690 390 2751 quae
411 2674 614 2735 voluntatem
645 2675 824 2750 perficiunt.
856 2679 1099 2741 intellectuales

82 2761 161 2815 sunt
180 2755 328 2830 quinque
349 2773 355 2812 :
379 2754 599 2831 intelligentta,
622 2770 684 2814 seu
704 2759 845 2833 cognitio
866 2760 1099 2835 principiorum

81 2834 348 2894 immediatorum
380 2836 579 2907 :sapientia
610 2850 671 2894 seu
700 2839 842 2913 cognitio
870 2838 1100 2900 altissimorum

82 2913 335 2990 principiorum
352 2914 495 2983 scientia,
510 2929 631 2989 nempe
648 2918 791 2992 cognitio
807 2934 868 2993 per
883 2916 1099 2987 deductiones

83 3009 145 3053 seu
166 3008 232 3068 ope
252 2993 424 3063 ratiocinii;
447 3009 511 3063 urs,
532 3010 603 3070 quae
620 2992 774 3055 factibilia
792 3000 883 3057 recte
905 2998 1045 3072 ordinat,
1068 3003 1101 3060 et

78 3072 268 3148 prudentia,
295 3087 365 3148 qua
392 3072 500 3151 dirigit
524 3072 567 3134 ad
590 3071 687 3133 finem
712 3077 891 3151 operabilia
915 3080 949 3139 in
975 3095 1099 3157 genere

83 3168 210 3214 morum
236 3166 298 3211 seu
322 3151 463 3228 agibilia.
487 3154 610 3213 Tamen
629 3154 698 3215 haec
720 3156 833 3216 ultima
852 3155 939 3219 inter
961 3160 1102 3220 morales

84 3233 182 3291 etiam
207 3239 411 3305 recensetur,
443 3232 745 3309 quia‘voluntatem
779 3236 874 3297 simul
900 3244 933 3298 et
949 3240 1098 3299 intellec-

82 3317 150 3372 tum
181 3308 399 3387 perfectiores
427 3311 544 3373 reddit.
564 3314 610 3373 De
644 3315 822 3377 moralibus
850 3318 1023 3381 virtutibus
1049 3320 1102 3380 hic

84 3406 236 3470 agemus.
269 3416 278 3449 t

83 3507 133 3568 55.
156 3539 195 3549 -
214 3508 333 3567 Tarsis.
355 3508 458 3567 Virtus
471 3508 608 3569 moralis
621 3512 787 3587 adaquata
801 3513 956 3575 dividitur
969 3516 1004 3577 tit
1019 3533 1100 3592 qua-

122 3592 201 3647 tuor
213 3586 433 3661 ueneratur-es
445 3595 565 3663 partes,
579 3606 650 3667 qua
659 3599 732 3654 suut
741 3594 946 3669 :prudentia
956 3596 1101 3674 justitia,

124 3668 342 3744 temperantia
362 3674 392 3729 et
402 3668 572 3742 fortitudo,
