<?xml version="1.0" encoding="UTF-8"?>
<!DOCTYPE html PUBLIC "-//W3C//DTD XHTML 1.0 Transitional//EN"
    "http://www.w3.org/TR/xhtml1/DTD/xhtml1-transitional.dtd">
<html xmlns="http://www.w3.org/1999/xhtml" xml:lang="en" lang="en">
 <head>
  <title>
</title>
<meta http-equiv="Content-Type" content="text/html;charset=utf-8" />
  <meta name='ocr-system' content='tesseract 3.04.00' />
  <meta name='ocr-capabilities' content='ocr_page ocr_carea ocr_par ocr_line ocrx_word'/>
</head>
<body>
  <div class='ocr_page' id='page_1' title='image "./brevariumphilos00grangoog_0228.png"; bbox 0 0 2642 4250; ppageno 0'>
   <div class='ocr_carea' id='block_1_1' title="bbox 197 220 912 290">
    <p class='ocr_par' dir='ltr' id='par_1_1' title="bbox 197 220 912 290">
     <span class='ocr_line' id='line_1_1' title="bbox 197 220 912 290; baseline 0.013 -10"><span class='ocrx_word' id='word_1_1' title='bbox 197 220 257 282; x_wconf 73' lang='lat'>‘216</span> <span class='ocrx_word' id='word_1_2' title='bbox 506 244 689 288; x_wconf 80' lang='lat' dir='ltr'>eaevmmmi</span> <span class='ocrx_word' id='word_1_3' title='bbox 709 245 912 290; x_wconf 77' lang='lat' dir='ltr'>rnroesornne</span> 
     </span>
    </p>
   </div>
   <div class='ocr_carea' id='block_1_2' title="bbox 194 352 1234 660">
    <p class='ocr_par' dir='ltr' id='par_1_2' title="bbox 194 352 1234 660">
     <span class='ocr_line' id='line_1_2' title="bbox 196 352 1234 437; baseline -0.001 -23"><span class='ocrx_word' id='word_1_4' title='bbox 196 353 343 414; x_wconf 86' lang='lat' dir='ltr'>scholam</span> <span class='ocrx_word' id='word_1_5' title='bbox 357 352 517 416; x_wconf 87' lang='lat' dir='ltr'>fundavit.</span> <span class='ocrx_word' id='word_1_6' title='bbox 534 354 583 417; x_wconf 82' lang='lat' dir='ltr'>Ad</span> <span class='ocrx_word' id='word_1_7' title='bbox 598 352 865 434; x_wconf 80' lang='lat' dir='ltr'>originesrerum</span> <span class='ocrx_word' id='word_1_8' title='bbox 882 358 1096 437; x_wconf 85' lang='lat' dir='ltr'>vestigandas</span> <span class='ocrx_word' id='word_1_9' title='bbox 1106 357 1234 436; x_wconf 81' lang='lat' dir='ltr'>phtius</span> 
     </span>
     <span class='ocr_line' id='line_1_3' title="bbox 195 433 1231 517; baseline 0.002 -24"><span class='ocrx_word' id='word_1_10' title='bbox 195 433 565 513; x_wconf 78' lang='lat' dir='ltr'>incumbens,&#39;ideoque</span> <span class='ocrx_word' id='word_1_11' title='bbox 582 438 771 513; x_wconf 86' lang='lat' dir='ltr'>empirismo</span> <span class='ocrx_word' id='word_1_12' title='bbox 787 439 894 500; x_wconf 88' lang='lat' dir='ltr'>ionico</span> <span class='ocrx_word' id='word_1_13' title='bbox 919 443 1018 517; x_wconf 88' lang='lat' dir='ltr'>atque</span> <span class='ocrx_word' id='word_1_14' title='bbox 1044 439 1231 500; x_wconf 87' lang='lat' dir='ltr'>idealismo</span> 
     </span>
     <span class='ocr_line' id='line_1_4' title="bbox 194 515 1229 597; baseline 0.001 -23"><span class='ocrx_word' id='word_1_15' title='bbox 194 515 306 575; x_wconf 86' lang='lat' dir='ltr'>italico</span> <span class='ocrx_word' id='word_1_16' title='bbox 321 519 431 582; x_wconf 82' lang='lat' dir='ltr'>utens,</span> <span class='ocrx_word' id='word_1_17' title='bbox 448 517 533 576; x_wconf 87' lang='lat' dir='ltr'>ultra</span> <span class='ocrx_word' id='word_1_18' title='bbox 546 524 655 576; x_wconf 89' lang='lat' dir='ltr'>tamen</span> <span class='ocrx_word' id='word_1_19' title='bbox 671 519 827 597; x_wconf 81' lang='lat' dir='ltr'>progredi</span> <span class='ocrx_word' id='word_1_20' title='bbox 843 519 955 591; x_wconf 89' lang='lat' dir='ltr'>voluit,</span> <span class='ocrx_word' id='word_1_21' title='bbox 976 536 1015 580; x_wconf 93' lang='lat' dir='ltr'>ac</span> <span class='ocrx_word' id='word_1_22' title='bbox 1040 519 1082 579; x_wconf 90' lang='lat' dir='ltr'>de</span> <span class='ocrx_word' id='word_1_23' title='bbox 1107 519 1229 580; x_wconf 89' lang='lat' dir='ltr'>omni·</span> 
     </span>
     <span class='ocr_line' id='line_1_5' title="bbox 196 595 1234 660; baseline -0.003 -4"><span class='ocrx_word' id='word_1_24' title='bbox 196 595 260 656; x_wconf 86' lang='lat' dir='ltr'>bus</span> <span class='ocrx_word' id='word_1_25' title='bbox 275 595 374 655; x_wconf 89' lang='lat' dir='ltr'>rebus</span> <span class='ocrx_word' id='word_1_26' title='bbox 398 597 613 657; x_wconf 72' lang='lat' dir='ltr'>existentibus</span> <span class='ocrx_word' id='word_1_27' title='bbox 637 601 798 660; x_wconf 90' lang='lat' dir='ltr'>rationem</span> <span class='ocrx_word' id='word_1_28' title='bbox 822 599 964 660; x_wconf 82' lang='lat' dir='ltr'>reddere</span> <span class='ocrx_word' id='word_1_29' title='bbox 990 606 1126 660; x_wconf 89' lang='lat' dir='ltr'>conatus</span> <span class='ocrx_word' id='word_1_30' title='bbox 1152 599 1234 658; x_wconf 84' lang='lat' dir='ltr'>esi.</span> 
     </span>
    </p>
   </div>
   <div class='ocr_carea' id='block_1_3' title="bbox 97 675 1232 755">
    <p class='ocr_par' dir='ltr' id='par_1_3' title="bbox 97 675 1232 755">
     <span class='ocr_line' id='line_1_6' title="bbox 97 675 1232 755; baseline 0 -21"><span class='ocrx_word' id='word_1_31' title='bbox 97 695 101 705; x_wconf 60' lang='lat'>=</span> <span class='ocrx_word' id='word_1_32' title='bbox 196 675 303 734; x_wconf 89' lang='lat' dir='ltr'>Deum</span> <span class='ocrx_word' id='word_1_33' title='bbox 320 677 555 752; x_wconf 86' lang='lat' dir='ltr'>cognoscebat,</span> <span class='ocrx_word' id='word_1_34' title='bbox 573 694 673 754; x_wconf 87' lang='lat' dir='ltr'>quem</span> <span class='ocrx_word' id='word_1_35' title='bbox 697 681 807 739; x_wconf 88' lang='lat' dir='ltr'>tamen</span> <span class='ocrx_word' id='word_1_36' title='bbox 834 696 906 739; x_wconf 89' lang='lat' dir='ltr'>cum</span> <span class='ocrx_word' id='word_1_37' title='bbox 930 679 1002 755; x_wconf 85' lang='lat' dir='ltr'>ipso</span> <span class='ocrx_word' id='word_1_38' title='bbox 1028 677 1155 740; x_wconf 91' lang='lat' dir='ltr'>mundo</span> <span class='ocrx_word' id='word_1_39' title='bbox 1175 678 1232 736; x_wconf 88' lang='lat' dir='ltr'>ita</span> 
     </span>
    </p>
   </div>
   <div class='ocr_carea' id='block_1_4' title="bbox 48 3718 99 3730">
    <p class='ocr_par' dir='ltr' id='par_1_4' title="bbox 48 3718 99 3730">
     <span class='ocr_line' id='line_1_7' title="bbox 48 3718 99 3730; baseline 0 0"><span class='ocrx_word' id='word_1_40' title='bbox 48 3718 99 3730; x_wconf 54' lang='lat' dir='ltr'>QX·</span> 
     </span>
    </p>
   </div>
   <div class='ocr_carea' id='block_1_5' title="bbox 189 753 1230 2438">
    <p class='ocr_par' dir='ltr' id='par_1_5' title="bbox 189 753 1230 2438">
     <span class='ocr_line' id='line_1_8' title="bbox 196 753 1226 831; baseline 0.001 -16"><span class='ocrx_word' id='word_1_41' title='bbox 196 753 419 831; x_wconf 88' lang='lat' dir='ltr'>permiscebat</span> <span class='ocrx_word' id='word_1_42' title='bbox 432 761 468 816; x_wconf 91' lang='lat' dir='ltr'>ut</span> <span class='ocrx_word' id='word_1_43' title='bbox 483 758 587 817; x_wconf 90' lang='lat' dir='ltr'>Deum</span> <span class='ocrx_word' id='word_1_44' title='bbox 604 762 637 817; x_wconf 89' lang='lat' dir='ltr'>et</span> <span class='ocrx_word' id='word_1_45' title='bbox 651 758 812 818; x_wconf 91' lang='lat' dir='ltr'>mundum</span> <span class='ocrx_word' id='word_1_46' title='bbox 826 760 859 818; x_wconf 92' lang='lat' dir='ltr'>in</span> <span class='ocrx_word' id='word_1_47' title='bbox 874 767 976 818; x_wconf 93' lang='lat' dir='ltr'>unum</span> <span class='ocrx_word' id='word_1_48' title='bbox 993 762 1027 818; x_wconf 89' lang='lat' dir='ltr'>et</span> <span class='ocrx_word' id='word_1_49' title='bbox 1044 758 1134 820; x_wconf 86' lang='lat' dir='ltr'>idem</span> <span class='ocrx_word' id='word_1_50' title='bbox 1159 773 1226 816; x_wconf 87' lang='lat' dir='ltr'>re-</span> 
     </span>
     <span class='ocr_line' id='line_1_9' title="bbox 197 834 1227 916; baseline -0.001 -21"><span class='ocrx_word' id='word_1_51' title='bbox 197 834 351 914; x_wconf 89' lang='lat' dir='ltr'>digeret:</span> <span class='ocrx_word' id='word_1_52' title='bbox 368 837 527 897; x_wconf 88' lang='lat' dir='ltr'>inverum</span> <span class='ocrx_word' id='word_1_53' title='bbox 543 838 643 915; x_wconf 88' lang='lat' dir='ltr'>igitur</span> <span class='ocrx_word' id='word_1_54' title='bbox 664 839 906 912; x_wconf 88' lang='lat' dir='ltr'>pantheismum</span> <span class='ocrx_word' id='word_1_55' title='bbox 929 839 1041 916; x_wconf 89' lang='lat' dir='ltr'>lapsus</span> <span class='ocrx_word' id='word_1_56' title='bbox 1067 843 1128 908; x_wconf 86' lang='lat' dir='ltr'>est,</span> <span class='ocrx_word' id='word_1_57' title='bbox 1150 839 1227 900; x_wconf 86' lang='lat' dir='ltr'>hoc</span> 
     </span>
     <span class='ocr_line' id='line_1_10' title="bbox 196 915 1230 997; baseline 0.002 -23"><span class='ocrx_word' id='word_1_58' title='bbox 196 915 357 992; x_wconf 88' lang='lat' dir='ltr'>principio</span> <span class='ocrx_word' id='word_1_59' title='bbox 372 917 503 978; x_wconf 89' lang='lat' dir='ltr'>innixus</span> <span class='ocrx_word' id='word_1_60' title='bbox 519 935 526 975; x_wconf 93' lang='lat'><strong>:</strong></span> <span class='ocrx_word' id='word_1_61' title='bbox 545 917 706 994; x_wconf 83' lang='lat' dir='ltr'>quidquid</span> <span class='ocrx_word' id='word_1_62' title='bbox 731 925 790 992; x_wconf 84' lang='lat' dir='ltr'>est,</span> <span class='ocrx_word' id='word_1_63' title='bbox 817 935 950 997; x_wconf 88' lang='lat' dir='ltr'>semper</span> <span class='ocrx_word' id='word_1_64' title='bbox 972 917 1046 993; x_wconf 83' lang='lat' dir='ltr'>fuit,</span> <span class='ocrx_word' id='word_1_65' title='bbox 1073 921 1152 997; x_wconf 85' lang='lat' dir='ltr'>quia</span> <span class='ocrx_word' id='word_1_66' title='bbox 1176 933 1230 978; x_wconf 79' lang='lat' dir='ltr'>ex</span> 
     </span>
     <span class='ocr_line' id='line_1_11' title="bbox 194 995 1181 1074; baseline 0.004 -18"><span class='ocrx_word' id='word_1_67' title='bbox 194 996 297 1056; x_wconf 89' lang='lat' dir='ltr'>nihilo</span> <span class='ocrx_word' id='word_1_68' title='bbox 312 996 392 1056; x_wconf 90' lang='lat' dir='ltr'>nihil</span> <span class='ocrx_word' id='word_1_69' title='bbox 406 995 476 1056; x_wconf 87' lang='lat' dir='ltr'>lieri</span> <span class='ocrx_word' id='word_1_70' title='bbox 491 998 624 1074; x_wconf 81' lang='lat' dir='ltr'>potest(</span> <span class='ocrx_word' id='word_1_71' title='bbox 645 996 667 1073; x_wconf 94' lang='grc'>).</span> <span class='ocrx_word' id='word_1_72' title='bbox 1178 1003 1181 1005; x_wconf 82' lang='grc'><strong>’</strong></span> 
     </span>
     <span class='ocr_line' id='line_1_12' title="bbox 214 1074 1224 1156; baseline 0.003 -21"><span class='ocrx_word' id='word_1_73' title='bbox 214 1077 306 1135; x_wconf 84' lang='lat' dir='ltr'>·De0</span> <span class='ocrx_word' id='word_1_74' title='bbox 335 1074 474 1137; x_wconf 83' lang='lat' dir='ltr'>formam</span> <span class='ocrx_word' id='word_1_75' title='bbox 498 1078 684 1152; x_wconf 77' lang='lat' dir='ltr'>sphericum</span> <span class='ocrx_word' id='word_1_76' title='bbox 709 1078 885 1149; x_wconf 83' lang='lat' dir='ltr'>tribuebat,</span> <span class='ocrx_word' id='word_1_77' title='bbox 912 1079 989 1156; x_wconf 90' lang='lat' dir='ltr'>quia</span> <span class='ocrx_word' id='word_1_78' title='bbox 1018 1078 1086 1139; x_wconf 84' lang='lat' dir='ltr'>haec</span> <span class='ocrx_word' id='word_1_79' title='bbox 1106 1076 1224 1138; x_wconf 85' lang='lat' dir='ltr'>forma</span> 
     </span>
     <span class='ocr_line' id='line_1_13' title="bbox 195 1155 1225 1236; baseline 0.001 -20"><span class='ocrx_word' id='word_1_80' title='bbox 195 1155 351 1216; x_wconf 82' lang='lat' dir='ltr'>omnibus</span> <span class='ocrx_word' id='word_1_81' title='bbox 367 1158 489 1216; x_wconf 89' lang='lat' dir='ltr'>caeteris</span> <span class='ocrx_word' id='word_1_82' title='bbox 505 1155 681 1232; x_wconf 74' lang='lat' dir='ltr'>perfectior</span> <span class='ocrx_word' id='word_1_83' title='bbox 701 1163 751 1217; x_wconf 89' lang='lat' dir='ltr'>est</span> <span class='ocrx_word' id='word_1_84' title='bbox 766 1159 819 1234; x_wconf 72' lang='lat'>(2).</span> <span class='ocrx_word' id='word_1_85' title='bbox 843 1160 949 1236; x_wconf 87' lang='lat' dir='ltr'>Negat</span> <span class='ocrx_word' id='word_1_86' title='bbox 964 1161 1075 1236; x_wconf 91' lang='lat' dir='ltr'>itaque</span> <span class='ocrx_word' id='word_1_87' title='bbox 1096 1158 1225 1218; x_wconf 87' lang='lat' dir='ltr'>mundi</span> 
     </span>
     <span class='ocr_line' id='line_1_14' title="bbox 195 1236 1224 1314; baseline 0.003 -19"><span class='ocrx_word' id='word_1_88' title='bbox 195 1237 454 1314; x_wconf 82' lang='lat' dir='ltr'>contingentiam</span> <span class='ocrx_word' id='word_1_89' title='bbox 482 1242 515 1296; x_wconf 92' lang='lat' dir='ltr'>et</span> <span class='ocrx_word' id='word_1_90' title='bbox 541 1236 817 1313; x_wconf 80' lang='lat' dir='ltr'>multiplicitatem</span> <span class='ocrx_word' id='word_1_91' title='bbox 840 1254 967 1310; x_wconf 89' lang='lat' dir='ltr'>rerum;</span> <span class='ocrx_word' id='word_1_92' title='bbox 996 1254 1064 1298; x_wconf 89' lang='lat' dir='ltr'>una</span> <span class='ocrx_word' id='word_1_93' title='bbox 1085 1241 1224 1298; x_wconf 91' lang='lat' dir='ltr'>tantum</span> 
     </span>
     <span class='ocr_line' id='line_1_15' title="bbox 194 1315 1226 1396; baseline 0 -20"><span class='ocrx_word' id='word_1_94' title='bbox 194 1317 305 1377; x_wconf 84' lang='lat' dir='ltr'>existit</span> <span class='ocrx_word' id='word_1_95' title='bbox 323 1319 371 1378; x_wconf 87' lang='lat' dir='ltr'>vis</span> <span class='ocrx_word' id='word_1_96' title='bbox 401 1315 586 1391; x_wconf 71' lang='lat' dir='ltr'>dynamIca</span> <span class='ocrx_word' id='word_1_97' title='bbox 616 1318 706 1377; x_wconf 89' lang='lat' dir='ltr'>Deus</span> <span class='ocrx_word' id='word_1_98' title='bbox 731 1323 859 1390; x_wconf 82' lang='lat' dir='ltr'>vocata,</span> <span class='ocrx_word' id='word_1_99' title='bbox 888 1334 960 1395; x_wconf 89' lang='lat' dir='ltr'>quae</span> <span class='ocrx_word' id='word_1_100' title='bbox 987 1318 1226 1396; x_wconf 88' lang='lat' dir='ltr'>multipliciter</span> 
     </span>
     <span class='ocr_line' id='line_1_16' title="bbox 194 1395 1224 1474; baseline 0 -18"><span class='ocrx_word' id='word_1_101' title='bbox 194 1412 271 1456; x_wconf 89' lang='lat' dir='ltr'>sese</span> <span class='ocrx_word' id='word_1_102' title='bbox 301 1395 454 1456; x_wconf 82' lang='lat' dir='ltr'>diffundit</span> <span class='ocrx_word' id='word_1_103' title='bbox 484 1402 516 1456; x_wconf 90' lang='lat' dir='ltr'>et</span> <span class='ocrx_word' id='word_1_104' title='bbox 541 1395 739 1463; x_wconf 79' lang='lat' dir='ltr'>manifestat,</span> <span class='ocrx_word' id='word_1_105' title='bbox 770 1402 802 1457; x_wconf 92' lang='lat' dir='ltr'>et</span> <span class='ocrx_word' id='word_1_106' title='bbox 829 1401 988 1474; x_wconf 79' lang='lat' dir='ltr'>praterea</span> <span class='ocrx_word' id='word_1_107' title='bbox 1015 1398 1127 1459; x_wconf 89' lang='lat' dir='ltr'>locum</span> <span class='ocrx_word' id='word_1_108' title='bbox 1158 1397 1224 1458; x_wconf 85' lang='lat' dir='ltr'>dat</span> 
     </span>
     <span class='ocr_line' id='line_1_17' title="bbox 194 1476 1219 1554; baseline -0.001 -17"><span class='ocrx_word' id='word_1_109' title='bbox 194 1476 351 1537; x_wconf 87' lang='lat' dir='ltr'>omnibus</span> <span class='ocrx_word' id='word_1_110' title='bbox 374 1477 596 1549; x_wconf 82' lang='lat' dir='ltr'>phoenomenis</span> <span class='ocrx_word' id='word_1_111' title='bbox 621 1482 691 1536; x_wconf 90' lang='lat' dir='ltr'>tum</span> <span class='ocrx_word' id='word_1_112' title='bbox 715 1477 864 1546; x_wconf 88' lang='lat' dir='ltr'>internis,</span> <span class='ocrx_word' id='word_1_113' title='bbox 897 1483 965 1538; x_wconf 90' lang='lat' dir='ltr'>tum</span> <span class='ocrx_word' id='word_1_114' title='bbox 989 1478 1133 1538; x_wconf 85' lang='lat' dir='ltr'>externis</span> <span class='ocrx_word' id='word_1_115' title='bbox 1156 1477 1219 1554; x_wconf 88' lang='grc'>(3).</span> 
     </span>
     <span class='ocr_line' id='line_1_18' title="bbox 193 1555 1223 1636; baseline 0.001 -21"><span class='ocrx_word' id='word_1_116' title='bbox 193 1556 344 1630; x_wconf 80' lang='lat' dir='ltr'>Quatuor</span> <span class='ocrx_word' id='word_1_117' title='bbox 359 1555 427 1616; x_wconf 90' lang='lat' dir='ltr'>dari</span> <span class='ocrx_word' id='word_1_118' title='bbox 444 1557 607 1616; x_wconf 87' lang='lat' dir='ltr'>elementa</span> <span class='ocrx_word' id='word_1_119' title='bbox 623 1555 755 1617; x_wconf 83' lang='lat' dir='ltr'>tradidit</span> <span class='ocrx_word' id='word_1_120' title='bbox 771 1555 824 1634; x_wconf 79' lang='grc'>(4).</span> <span class='ocrx_word' id='word_1_121' title='bbox 841 1557 975 1618; x_wconf 84' lang='lat' dir='ltr'>Eleatici</span> <span class='ocrx_word' id='word_1_122' title='bbox 989 1559 1223 1636; x_wconf 87' lang='lat' dir='ltr'>cognitionem</span> 
     </span>
     <span class='ocr_line' id='line_1_19' title="bbox 193 1635 1221 1716; baseline 0 -20"><span class='ocrx_word' id='word_1_123' title='bbox 193 1635 404 1713; x_wconf 85' lang='lat' dir='ltr'>explicabant</span> <span class='ocrx_word' id='word_1_124' title='bbox 420 1639 480 1711; x_wconf 85' lang='lat' dir='ltr'>per</span> <span class='ocrx_word' id='word_1_125' title='bbox 494 1648 622 1696; x_wconf 86' lang='lat' dir='ltr'>atomos</span> <span class='ocrx_word' id='word_1_126' title='bbox 638 1653 698 1698; x_wconf 93' lang='lat' dir='ltr'>seu</span> <span class='ocrx_word' id='word_1_127' title='bbox 715 1638 938 1698; x_wconf 85' lang='lat' dir='ltr'>emanationes</span> <span class='ocrx_word' id='word_1_128' title='bbox 948 1653 1060 1697; x_wconf 92' lang='lat' dir='ltr'>rerum</span> <span class='ocrx_word' id='word_1_129' title='bbox 1071 1653 1221 1716; x_wconf 88' lang='lat' dir='ltr'>quarum</span> 
     </span>
     <span class='ocr_line' id='line_1_20' title="bbox 191 1713 1221 1796; baseline 0 -20"><span class='ocrx_word' id='word_1_130' title='bbox 191 1713 276 1777; x_wconf 87' lang='lat' dir='ltr'>ideae</span> <span class='ocrx_word' id='word_1_131' title='bbox 293 1722 386 1776; x_wconf 87' lang='lat' dir='ltr'>erant</span> <span class='ocrx_word' id='word_1_132' title='bbox 401 1717 574 1794; x_wconf 86' lang='lat' dir='ltr'>imagines,</span> <span class='ocrx_word' id='word_1_133' title='bbox 591 1733 652 1777; x_wconf 90' lang='lat' dir='ltr'>seu</span> <span class='ocrx_word' id='word_1_134' title='bbox 667 1718 779 1789; x_wconf 59' lang='lat' dir='ltr'>alteim</span> <span class='ocrx_word' id='word_1_135' title='bbox 798 1734 935 1794; x_wconf 89' lang='lat' dir='ltr'>quaeque</span> <span class='ocrx_word' id='word_1_136' title='bbox 960 1718 1061 1778; x_wconf 91' lang='lat' dir='ltr'>atomi</span> <span class='ocrx_word' id='word_1_137' title='bbox 1085 1732 1221 1796; x_wconf 87' lang='lat' dir='ltr'>organa</span> 
     </span>
     <span class='ocr_line' id='line_1_21' title="bbox 192 1795 1011 1874; baseline 0.002 -19"><span class='ocrx_word' id='word_1_138' title='bbox 192 1799 412 1874; x_wconf 89' lang='lat' dir='ltr'>penetrantes</span> <span class='ocrx_word' id='word_1_139' title='bbox 428 1795 470 1856; x_wconf 90' lang='lat' dir='ltr'>ad</span> <span class='ocrx_word' id='word_1_140' title='bbox 485 1798 626 1857; x_wconf 89' lang='lat' dir='ltr'>animam</span> <span class='ocrx_word' id='word_1_141' title='bbox 641 1813 748 1874; x_wconf 88' lang='lat' dir='ltr'>usque</span> <span class='ocrx_word' id='word_1_142' title='bbox 764 1798 1011 1873; x_wconf 82' lang='lat' dir='ltr'>perveniebant.</span> 
     </span>
     <span class='ocr_line' id='line_1_22' title="bbox 234 1876 1226 1954; baseline -0.002 -18"><span class='ocrx_word' id='word_1_143' title='bbox 234 1877 451 1948; x_wconf 78' lang='lat' dir='ltr'>Parmenides,</span> <span class='ocrx_word' id='word_1_144' title='bbox 467 1877 680 1953; x_wconf 88' lang='lat' dir='ltr'>Xenophanis</span> <span class='ocrx_word' id='word_1_145' title='bbox 706 1877 894 1954; x_wconf 87' lang='lat' dir='ltr'>discipulus,</span> <span class='ocrx_word' id='word_1_146' title='bbox 923 1881 956 1938; x_wconf 89' lang='lat' dir='ltr'>et</span> <span class='ocrx_word' id='word_1_147' title='bbox 978 1881 1063 1936; x_wconf 82' lang='lat' dir='ltr'>Zeno</span> <span class='ocrx_word' id='word_1_148' title='bbox 1081 1876 1226 1938; x_wconf 86' lang='lat' dir='ltr'>Eleates</span> 
     </span>
     <span class='ocr_line' id='line_1_23' title="bbox 193 1955 1216 2033; baseline 0.002 -19"><span class='ocrx_word' id='word_1_149' title='bbox 193 1957 441 2032; x_wconf 86' lang='lat' dir='ltr'>pantheismum</span> <span class='ocrx_word' id='word_1_150' title='bbox 474 1958 592 2018; x_wconf 83' lang='lat' dir='ltr'>scholae</span> <span class='ocrx_word' id='word_1_151' title='bbox 617 1958 776 2028; x_wconf 83' lang='lat' dir='ltr'>Eleaticae,</span> <span class='ocrx_word' id='word_1_152' title='bbox 802 1959 891 2033; x_wconf 88' lang='lat' dir='ltr'>prior</span> <span class='ocrx_word' id='word_1_153' title='bbox 926 1956 1125 2022; x_wconf 81' lang='lat' dir='ltr'>carminibus</span> <span class='ocrx_word' id='word_1_154' title='bbox 1156 1955 1216 2033; x_wconf 83' lang='lat'>(5),</span> 
     </span>
     <span class='ocr_line' id='line_1_24' title="bbox 191 2035 1224 2115; baseline 0 -19"><span class='ocrx_word' id='word_1_155' title='bbox 191 2035 278 2096; x_wconf 89' lang='lat' dir='ltr'>alter</span> <span class='ocrx_word' id='word_1_156' title='bbox 306 2038 467 2108; x_wconf 78' lang='lat' dir='ltr'>obseuriS,</span> <span class='ocrx_word' id='word_1_157' title='bbox 507 2040 541 2097; x_wconf 92' lang='lat' dir='ltr'>et</span> <span class='ocrx_word' id='word_1_158' title='bbox 574 2053 641 2097; x_wconf 92' lang='lat' dir='ltr'>non</span> <span class='ocrx_word' id='word_1_159' title='bbox 671 2052 743 2097; x_wconf 90' lang='lat' dir='ltr'>raro</span> <span class='ocrx_word' id='word_1_160' title='bbox 773 2037 998 2115; x_wconf 89' lang='lat' dir='ltr'>pugnantibus</span> <span class='ocrx_word' id='word_1_161' title='bbox 1035 2035 1224 2098; x_wconf 71' lang='lat' dir='ltr'>dialectica.</span> 
     </span>
     <span class='ocr_line' id='line_1_25' title="bbox 191 2114 1221 2193; baseline -0.001 -16"><span class='ocrx_word' id='word_1_162' title='bbox 191 2115 440 2183; x_wconf 81' lang='lat' dir='ltr'>subtilitatibus,</span> <span class='ocrx_word' id='word_1_163' title='bbox 457 2115 652 2179; x_wconf 88' lang='lat' dir='ltr'>docuerunt.</span> <span class='ocrx_word' id='word_1_164' title='bbox 670 2119 725 2179; x_wconf 88' lang='lat' dir='ltr'>llic</span> <span class='ocrx_word' id='word_1_165' title='bbox 744 2117 877 2177; x_wconf 88' lang='lat' dir='ltr'>ultimus</span> <span class='ocrx_word' id='word_1_166' title='bbox 903 2117 995 2193; x_wconf 91' lang='lat' dir='ltr'>plura</span> <span class='ocrx_word' id='word_1_167' title='bbox 1020 2121 1053 2177; x_wconf 89' lang='lat' dir='ltr'>et</span> <span class='ocrx_word' id='word_1_168' title='bbox 1077 2114 1221 2191; x_wconf 83' lang='lat' dir='ltr'>quidem</span> 
     </span>
     <span class='ocr_line' id='line_1_26' title="bbox 192 2196 1224 2277; baseline 0.001 -21"><span class='ocrx_word' id='word_1_169' title='bbox 192 2196 308 2273; x_wconf 92' lang='lat' dir='ltr'>putida</span> <span class='ocrx_word' id='word_1_170' title='bbox 341 2197 488 2258; x_wconf 88' lang='lat' dir='ltr'>adhibuit</span> <span class='ocrx_word' id='word_1_171' title='bbox 511 2203 718 2277; x_wconf 89' lang='lat' dir='ltr'>argumenta,</span> <span class='ocrx_word' id='word_1_172' title='bbox 745 2214 814 2273; x_wconf 85' lang='lat' dir='ltr'>quae</span> <span class='ocrx_word' id='word_1_173' title='bbox 840 2204 949 2258; x_wconf 89' lang='lat' dir='ltr'>tamen</span> <span class='ocrx_word' id='word_1_174' title='bbox 970 2196 1058 2273; x_wconf 86' lang='lat' dir='ltr'>apud</span> <span class='ocrx_word' id='word_1_175' title='bbox 1086 2196 1224 2257; x_wconf 75' lang='lat' dir='ltr'>Graecos-</span> 
     </span>
     <span class='ocr_line' id='line_1_27' title="bbox 191 2277 1229 2354; baseline 0 -17"><span class='ocrx_word' id='word_1_176' title='bbox 191 2281 289 2337; x_wconf 89' lang='lat' dir='ltr'>erant</span> <span class='ocrx_word' id='word_1_177' title='bbox 318 2277 544 2346; x_wconf 87' lang='lat' dir='ltr'>celeberrima,</span> <span class='ocrx_word' id='word_1_178' title='bbox 573 2277 614 2338; x_wconf 90' lang='lat' dir='ltr'>ad</span> <span class='ocrx_word' id='word_1_179' title='bbox 642 2284 771 2339; x_wconf 89' lang='lat' dir='ltr'>motum</span> <span class='ocrx_word' id='word_1_180' title='bbox 798 2277 938 2339; x_wconf 90' lang='lat' dir='ltr'>localem</span> <span class='ocrx_word' id='word_1_181' title='bbox 966 2291 1229 2354; x_wconf 82' lang='lat' dir='ltr'>quemcumque·</span> 
     </span>
     <span class='ocr_line' id='line_1_28' title="bbox 189 2355 1221 2438; baseline -0.003 -21"><span class='ocrx_word' id='word_1_182' title='bbox 189 2357 385 2436; x_wconf 89' lang='lat' dir='ltr'>negandum</span> <span class='ocrx_word' id='word_1_183' title='bbox 404 2355 458 2438; x_wconf 83' lang='grc'>(6).</span> <span class='ocrx_word' id='word_1_184' title='bbox 475 2358 619 2418; x_wconf 89' lang='lat' dir='ltr'>Habetur</span> <span class='ocrx_word' id='word_1_185' title='bbox 643 2365 676 2418; x_wconf 86' lang='lat' dir='ltr'>ut</span> <span class='ocrx_word' id='word_1_186' title='bbox 697 2371 817 2434; x_wconf 88' lang='lat' dir='ltr'>parens</span> <span class='ocrx_word' id='word_1_187' title='bbox 840 2356 1028 2429; x_wconf 87' lang='lat' dir='ltr'>dialecticae,</span> <span class='ocrx_word' id='word_1_188' title='bbox 1052 2372 1117 2434; x_wconf 85' lang='lat' dir='ltr'>qua</span> <span class='ocrx_word' id='word_1_189' title='bbox 1132 2372 1221 2417; x_wconf 88' lang='lat' dir='ltr'>usus</span> 
     </span>
    </p>
   </div>
   <div class='ocr_carea' id='block_1_6' title="bbox 180 2438 812 2514">
    <p class='ocr_par' dir='ltr' id='par_1_6' title="bbox 180 2438 812 2514">
     <span class='ocr_line' id='line_1_29' title="bbox 180 2438 812 2514; baseline 0.002 -16"><span class='ocrx_word' id='word_1_190' title='bbox 180 2441 247 2498; x_wconf 83' lang='lat' dir='ltr'>¹est</span> <span class='ocrx_word' id='word_1_191' title='bbox 259 2442 297 2497; x_wconf 93' lang='lat' dir='ltr'>ut</span> <span class='ocrx_word' id='word_1_192' title='bbox 312 2438 397 2498; x_wconf 90' lang='lat' dir='ltr'>viam</span> <span class='ocrx_word' id='word_1_193' title='bbox 412 2442 578 2498; x_wconf 90' lang='lat' dir='ltr'>sterneret</span> <span class='ocrx_word' id='word_1_194' title='bbox 591 2439 812 2514; x_wconf 88' lang='lat' dir='ltr'>scepticism0.</span> 
     </span>
    </p>
   </div>
   <div class='ocr_carea' id='block_1_7' title="bbox 188 2516 1226 2917">
    <p class='ocr_par' dir='ltr' id='par_1_7' title="bbox 188 2516 1226 2917">
     <span class='ocr_line' id='line_1_30' title="bbox 231 2516 1217 2596; baseline -0.001 -19"><span class='ocrx_word' id='word_1_195' title='bbox 231 2518 292 2577; x_wconf 85' lang='lat' dir='ltr'>Alii</span> <span class='ocrx_word' id='word_1_196' title='bbox 305 2518 440 2578; x_wconf 82' lang='lat' dir='ltr'>Eleatici</span> <span class='ocrx_word' id='word_1_197' title='bbox 456 2518 598 2596; x_wconf 87' lang='lat' dir='ltr'>physicae</span> <span class='ocrx_word' id='word_1_198' title='bbox 619 2520 726 2595; x_wconf 90' lang='lat' dir='ltr'>magis</span> <span class='ocrx_word' id='word_1_199' title='bbox 752 2534 851 2593; x_wconf 82' lang='lat' dir='ltr'>quam</span> <span class='ocrx_word' id='word_1_200' title='bbox 874 2516 1106 2593; x_wconf 77' lang='lat' dir='ltr'>metaphysica</span> <span class='ocrx_word' id='word_1_201' title='bbox 1131 2530 1217 2592; x_wconf 87' lang='lat' dir='ltr'>ope·</span> 
     </span>
     <span class='ocr_line' id='line_1_31' title="bbox 189 2594 1219 2675; baseline -0.002 -18"><span class='ocrx_word' id='word_1_202' title='bbox 189 2612 262 2657; x_wconf 91' lang='lat' dir='ltr'>ram</span> <span class='ocrx_word' id='word_1_203' title='bbox 276 2598 489 2659; x_wconf 90' lang='lat' dir='ltr'>contulerunt</span> <span class='ocrx_word' id='word_1_204' title='bbox 505 2616 512 2656; x_wconf 76' lang='grc' dir='ltr'><strong><em>ε</em></strong></span> <span class='ocrx_word' id='word_1_205' title='bbox 529 2600 707 2673; x_wconf 74' lang='lat' dir='ltr'>Leucippus</span> <span class='ocrx_word' id='word_1_206' title='bbox 719 2597 790 2675; x_wconf 81' lang='grc'>(450</span> <span class='ocrx_word' id='word_1_207' title='bbox 805 2603 879 2657; x_wconf 91' lang='lat' dir='ltr'>ante</span> <span class='ocrx_word' id='word_1_208' title='bbox 891 2595 1021 2673; x_wconf 83' lang='lat' dir='ltr'>Christ.)</span> <span class='ocrx_word' id='word_1_209' title='bbox 1034 2594 1219 2673; x_wconf 86' lang='lat' dir='ltr'>quemdam</span> 
     </span>
     <span class='ocr_line' id='line_1_32' title="bbox 188 2675 1226 2753; baseline -0.002 -16"><span class='ocrx_word' id='word_1_210' title='bbox 188 2677 461 2739; x_wconf 87' lang='lat' dir='ltr'>materialismum</span> <span class='ocrx_word' id='word_1_211' title='bbox 471 2678 605 2748; x_wconf 88' lang='lat' dir='ltr'>invexit,</span> <span class='ocrx_word' id='word_1_212' title='bbox 619 2682 652 2737; x_wconf 93' lang='lat' dir='ltr'>et</span> <span class='ocrx_word' id='word_1_213' title='bbox 661 2678 777 2738; x_wconf 91' lang='lat' dir='ltr'>mundi</span> <span class='ocrx_word' id='word_1_214' title='bbox 790 2677 996 2738; x_wconf 86' lang='lat' dir='ltr'>existentiam</span> <span class='ocrx_word' id='word_1_215' title='bbox 1006 2675 1226 2753; x_wconf 82' lang='lat' dir='ltr'>formamque</span> 
     </span>
     <span class='ocr_line' id='line_1_33' title="bbox 190 2756 1220 2834; baseline -0.002 -17"><span class='ocrx_word' id='word_1_216' title='bbox 190 2772 258 2834; x_wconf 90' lang='lat' dir='ltr'>ope</span> <span class='ocrx_word' id='word_1_217' title='bbox 273 2760 367 2818; x_wconf 87' lang='lat' dir='ltr'>trium</span> <span class='ocrx_word' id='word_1_218' title='bbox 384 2759 583 2834; x_wconf 87' lang='lat' dir='ltr'>explicabat,</span> <span class='ocrx_word' id='word_1_219' title='bbox 600 2773 723 2834; x_wconf 89' lang='lat' dir='ltr'>nempe</span> <span class='ocrx_word' id='word_1_220' title='bbox 742 2774 803 2834; x_wconf 91' lang='lat' dir='ltr'>per</span> <span class='ocrx_word' id='word_1_221' title='bbox 817 2761 945 2819; x_wconf 91' lang='lat' dir='ltr'>atomos</span> <span class='ocrx_word' id='word_1_222' title='bbox 962 2772 1022 2818; x_wconf 91' lang='lat' dir='ltr'>seu</span> <span class='ocrx_word' id='word_1_223' title='bbox 1047 2756 1220 2817; x_wconf 87' lang='lat' dir='ltr'>elementa</span> 
     </span>
     <span class='ocr_line' id='line_1_34' title="bbox 188 2832 1218 2917; baseline -0.001 -20"><span class='ocrx_word' id='word_1_224' title='bbox 188 2836 412 2912; x_wconf 85' lang='lat' dir='ltr'>indivisibilia,</span> <span class='ocrx_word' id='word_1_225' title='bbox 428 2838 568 2915; x_wconf 88' lang='lat' dir='ltr'>spatium</span> <span class='ocrx_word' id='word_1_226' title='bbox 592 2854 735 2899; x_wconf 87' lang='lat' dir='ltr'>vacuum</span> <span class='ocrx_word' id='word_1_227' title='bbox 764 2836 806 2917; x_wconf 78' lang='grc' dir='ltr'>(το</span> <span class='ocrx_word' id='word_1_228' title='bbox 820 2834 906 2916; x_wconf 70' lang='lat' dir='ltr'>acroi)</span> <span class='ocrx_word' id='word_1_229' title='bbox 935 2840 969 2897; x_wconf 90' lang='lat' dir='ltr'>et</span> <span class='ocrx_word' id='word_1_230' title='bbox 1001 2840 1129 2898; x_wconf 90' lang='lat' dir='ltr'>motum</span> <span class='ocrx_word' id='word_1_231' title='bbox 1156 2832 1218 2916; x_wconf 88' lang='lat'><strong>(7).</strong></span> 
     </span>
    </p>
   </div>
   <div class='ocr_carea' id='block_1_8' title="bbox 216 3012 1183 3347">
    <p class='ocr_par' dir='ltr' id='par_1_8' title="bbox 222 3012 633 3077">
     <span class='ocr_line' id='line_1_35' title="bbox 222 3012 633 3077; baseline 0.005 -16"><span class='ocrx_word' id='word_1_232' title='bbox 222 3012 258 3075; x_wconf 89' lang='grc'>(1)</span> <span class='ocrx_word' id='word_1_233' title='bbox 273 3012 354 3062; x_wconf 83' lang='lat' dir='ltr'>Arist.</span> <span class='ocrx_word' id='word_1_234' title='bbox 370 3014 521 3077; x_wconf 79' lang='lat' dir='ltr'>Metaphys.</span> <span class='ocrx_word' id='word_1_235' title='bbox 536 3029 555 3074; x_wconf 86' lang='lat'>1,</span> <span class='ocrx_word' id='word_1_236' title='bbox 570 3014 595 3073; x_wconf 85' lang='lat'>3,</span> <span class='ocrx_word' id='word_1_237' title='bbox 609 3014 633 3063; x_wconf 81' lang='lat'>5.</span> 
     </span>
    </p>

    <p class='ocr_par' dir='ltr' id='par_1_9' title="bbox 221 3102 719 3166">
     <span class='ocr_line' id='line_1_36' title="bbox 221 3102 719 3166; baseline 0.004 -16"><span class='ocrx_word' id='word_1_238' title='bbox 221 3102 256 3164; x_wconf 81' lang='lat'>(2)</span> <span class='ocrx_word' id='word_1_239' title='bbox 270 3102 351 3151; x_wconf 86' lang='lat' dir='ltr'>Arist.</span> <span class='ocrx_word' id='word_1_240' title='bbox 366 3103 449 3152; x_wconf 84' lang='lat' dir='ltr'>Liber</span> <span class='ocrx_word' id='word_1_241' title='bbox 463 3105 495 3151; x_wconf 86' lang='lat' dir='ltr'>de</span> <span class='ocrx_word' id='word_1_242' title='bbox 508 3103 627 3166; x_wconf 76' lang='lat' dir='ltr'>Xenopb.</span> <span class='ocrx_word' id='word_1_243' title='bbox 642 3118 664 3151; x_wconf 92' lang='lat' dir='ltr'>c.</span> <span class='ocrx_word' id='word_1_244' title='bbox 680 3118 719 3152; x_wconf 86' lang='lat'>111.</span> 
     </span>
    </p>

    <p class='ocr_par' dir='ltr' id='par_1_10' title="bbox 219 3190 845 3255">
     <span class='ocr_line' id='line_1_37' title="bbox 219 3190 845 3255; baseline 0.002 -14"><span class='ocrx_word' id='word_1_245' title='bbox 219 3190 254 3254; x_wconf 82' lang='grc'>(3)</span> <span class='ocrx_word' id='word_1_246' title='bbox 269 3192 350 3241; x_wconf 87' lang='lat' dir='ltr'>Arist.</span> <span class='ocrx_word' id='word_1_247' title='bbox 365 3192 485 3253; x_wconf 83' lang='lat' dir='ltr'>Meteph.</span> <span class='ocrx_word' id='word_1_248' title='bbox 502 3208 521 3250; x_wconf 84' lang='lat'>1,</span> <span class='ocrx_word' id='word_1_249' title='bbox 534 3192 561 3240; x_wconf 87' lang='lat'>5.</span> <span class='ocrx_word' id='word_1_250' title='bbox 574 3193 657 3255; x_wconf 79' lang='lat' dir='ltr'>Phys.</span> <span class='ocrx_word' id='word_1_251' title='bbox 673 3206 692 3252; x_wconf 89' lang='lat' dir='ltr'>r,</span> <span class='ocrx_word' id='word_1_252' title='bbox 708 3192 732 3252; x_wconf 87' lang='lat'>3,</span> <span class='ocrx_word' id='word_1_253' title='bbox 744 3194 768 3242; x_wconf 93' lang='lat'>8.</span> <span class='ocrx_word' id='word_1_254' title='bbox 842 3204 845 3212; x_wconf 63' lang='lat'>¹</span> 
     </span>
    </p>

    <p class='ocr_par' dir='ltr' id='par_1_11' title="bbox 216 3278 1183 3347">
     <span class='ocr_line' id='line_1_38' title="bbox 216 3278 1183 3347; baseline 0 -18"><span class='ocrx_word' id='word_1_255' title='bbox 216 3282 253 3344; x_wconf 80' lang='lat' dir='ltr'>(l)</span> <span class='ocrx_word' id='word_1_256' title='bbox 266 3281 297 3331; x_wconf 90' lang='lat' dir='ltr'>Di</span> <span class='ocrx_word' id='word_1_257' title='bbox 308 3297 340 3345; x_wconf 81' lang='lat' dir='ltr'>g.</span> <span class='ocrx_word' id='word_1_258' title='bbox 355 3282 440 3331; x_wconf 88' lang='lat' dir='ltr'>Laert.</span> <span class='ocrx_word' id='word_1_259' title='bbox 456 3298 497 3345; x_wconf 88' lang='lat' dir='ltr'>op.</span> <span class='ocrx_word' id='word_1_260' title='bbox 513 3281 556 3329; x_wconf 86' lang='lat' dir='ltr'>cit.</span> <span class='ocrx_word' id='word_1_261' title='bbox 573 3297 610 3340; x_wconf 84' lang='lat' dir='ltr'>ix,</span> <span class='ocrx_word' id='word_1_262' title='bbox 627 3280 666 3332; x_wconf 86' lang='lat'>19.</span> <span class='ocrx_word' id='word_1_263' title='bbox 682 3281 719 3331; x_wconf 84' lang='lat' dir='ltr'>cf.</span> <span class='ocrx_word' id='word_1_264' title='bbox 736 3282 805 3331; x_wconf 82' lang='lat' dir='ltr'>Sext.</span> <span class='ocrx_word' id='word_1_265' title='bbox 820 3282 897 3347; x_wconf 82' lang='lat' dir='ltr'>Emp.</span> <span class='ocrx_word' id='word_1_266' title='bbox 909 3282 980 3347; x_wconf 75' lang='lat' dir='ltr'>Hyp.</span> <span class='ocrx_word' id='word_1_267' title='bbox 991 3282 1090 3347; x_wconf 76' lang='lat' dir='ltr'>pyrrh.</span> <span class='ocrx_word' id='word_1_268' title='bbox 1101 3295 1130 3341; x_wconf 87' lang='lat'>11,</span> <span class='ocrx_word' id='word_1_269' title='bbox 1140 3278 1183 3332; x_wconf 81' lang='lat'>30.</span> 
     </span>
    </p>
   </div>
   <div class='ocr_carea' id='block_1_9' title="bbox 184 3369 1219 3557">
    <p class='ocr_par' dir='ltr' id='par_1_12' title="bbox 184 3369 1219 3557">
     <span class='ocr_line' id='line_1_39' title="bbox 218 3369 1219 3435; baseline 0.004 -17"><span class='ocrx_word' id='word_1_270' title='bbox 218 3371 254 3432; x_wconf 86' lang='grc'>(5)</span> <span class='ocrx_word' id='word_1_271' title='bbox 267 3370 371 3434; x_wconf 79' lang='lat' dir='ltr'>Fragm.</span> <span class='ocrx_word' id='word_1_272' title='bbox 387 3386 457 3435; x_wconf 87' lang='lat' dir='ltr'>oper.</span> <span class='ocrx_word' id='word_1_273' title='bbox 475 3372 563 3419; x_wconf 88' lang='lat' dir='ltr'>Parm.</span> <span class='ocrx_word' id='word_1_274' title='bbox 578 3386 620 3433; x_wconf 91' lang='lat' dir='ltr'>ap.</span> <span class='ocrx_word' id='word_1_275' title='bbox 636 3370 783 3419; x_wconf 85' lang='lat' dir='ltr'>Fullehorn.</span> <span class='ocrx_word' id='word_1_276' title='bbox 799 3386 826 3421; x_wconf 83' lang='lat' dir='ltr'>v.</span> <span class='ocrx_word' id='word_1_277' title='bbox 842 3372 873 3421; x_wconf 73' lang='lat'>45</span> <span class='ocrx_word' id='word_1_278' title='bbox 886 3376 912 3421; x_wconf 89' lang='lat' dir='ltr'>et</span> <span class='ocrx_word' id='word_1_279' title='bbox 921 3386 991 3435; x_wconf 86' lang='lat' dir='ltr'>seqq.</span> <span class='ocrx_word' id='word_1_280' title='bbox 1004 3398 1037 3411; x_wconf 91' lang='lat'>-</span> <span class='ocrx_word' id='word_1_281' title='bbox 1049 3370 1132 3421; x_wconf 81' lang='lat' dir='ltr'>Arist.</span> <span class='ocrx_word' id='word_1_282' title='bbox 1146 3369 1219 3424; x_wconf 73' lang='lat' dir='ltr'>Met.</span> 
     </span>
     <span class='ocr_line' id='line_1_40' title="bbox 184 3431 1216 3501; baseline 0.005 -19"><span class='ocrx_word' id='word_1_283' title='bbox 184 3448 205 3491; x_wconf 83' lang='lat'>1,</span> <span class='ocrx_word' id='word_1_284' title='bbox 216 3432 240 3481; x_wconf 87' lang='grc'>5.</span> <span class='ocrx_word' id='word_1_285' title='bbox 253 3432 291 3483; x_wconf 76' lang='lat' dir='ltr'>Cf.</span> <span class='ocrx_word' id='word_1_286' title='bbox 305 3434 438 3482; x_wconf 87' lang='lat' dir='ltr'>Plutarch.</span> <span class='ocrx_word' id='word_1_287' title='bbox 453 3435 492 3481; x_wconf 88' lang='lat' dir='ltr'>De</span> <span class='ocrx_word' id='word_1_288' title='bbox 503 3433 575 3494; x_wconf 83' lang='lat' dir='ltr'>plac.</span> <span class='ocrx_word' id='word_1_289' title='bbox 587 3434 656 3494; x_wconf 79' lang='lat' dir='ltr'>phil.</span> <span class='ocrx_word' id='word_1_290' title='bbox 671 3447 689 3492; x_wconf 88' lang='lat'>1,</span> <span class='ocrx_word' id='word_1_291' title='bbox 704 3433 735 3481; x_wconf 76' lang='lat'>24</span> <span class='ocrx_word' id='word_1_292' title='bbox 749 3460 780 3471; x_wconf 95' lang='lat'>—</span> <span class='ocrx_word' id='word_1_293' title='bbox 790 3434 860 3483; x_wconf 86' lang='lat' dir='ltr'>Sext.</span> <span class='ocrx_word' id='word_1_294' title='bbox 871 3436 944 3501; x_wconf 82' lang='lat' dir='ltr'>Emp.</span> <span class='ocrx_word' id='word_1_295' title='bbox 956 3434 1025 3485; x_wconf 80' lang='lat' dir='ltr'>Ado.</span> <span class='ocrx_word' id='word_1_296' title='bbox 1035 3433 1124 3483; x_wconf 79' lang='lat' dir='ltr'>Mart.</span> <span class='ocrx_word' id='word_1_297' title='bbox 1133 3447 1160 3493; x_wconf 83' lang='lat' dir='ltr'>x,</span> <span class='ocrx_word' id='word_1_298' title='bbox 1172 3431 1216 3487; x_wconf 77' lang='lat'>46.</span> 
     </span>
     <span class='ocr_line' id='line_1_41' title="bbox 185 3494 673 3557; baseline -0.006 -11"><span class='ocrx_word' id='word_1_299' title='bbox 185 3494 333 3546; x_wconf 69' lang='lat' dir='ltr'>Phoitiai.</span> <span class='ocrx_word' id='word_1_300' title='bbox 349 3498 480 3545; x_wconf 78' lang='lat' dir='ltr'>Parmeo.</span> <span class='ocrx_word' id='word_1_301' title='bbox 496 3500 522 3543; x_wconf 87' lang='lat' dir='ltr'>et</span> <span class='ocrx_word' id='word_1_302' title='bbox 538 3496 673 3557; x_wconf 80' lang='lat' dir='ltr'>Sophiste.</span> 
     </span>
    </p>
   </div>
   <div class='ocr_carea' id='block_1_10' title="bbox 216 3582 853 3737">
    <p class='ocr_par' dir='ltr' id='par_1_13' title="bbox 216 3582 853 3737">
     <span class='ocr_line' id='line_1_42' title="bbox 216 3582 853 3648; baseline 0.003 -15"><span class='ocrx_word' id='word_1_303' title='bbox 216 3583 252 3647; x_wconf 87' lang='grc'>(6)</span> <span class='ocrx_word' id='word_1_304' title='bbox 264 3583 344 3634; x_wconf 86' lang='lat' dir='ltr'>Arist.</span> <span class='ocrx_word' id='word_1_305' title='bbox 359 3586 442 3647; x_wconf 78' lang='lat' dir='ltr'>Phys.</span> <span class='ocrx_word' id='word_1_306' title='bbox 457 3598 493 3642; x_wconf 78' lang='lat' dir='ltr'>w,</span> <span class='ocrx_word' id='word_1_307' title='bbox 508 3582 532 3632; x_wconf 90' lang='lat'>9.</span> <span class='ocrx_word' id='word_1_308' title='bbox 545 3610 579 3621; x_wconf 99' lang='lat'>-</span> <span class='ocrx_word' id='word_1_309' title='bbox 592 3582 630 3634; x_wconf 87' lang='lat' dir='ltr'>cf.</span> <span class='ocrx_word' id='word_1_310' title='bbox 645 3584 723 3648; x_wconf 78' lang='lat' dir='ltr'>Bayle</span> <span class='ocrx_word' id='word_1_311' title='bbox 737 3585 853 3636; x_wconf 71' lang='lat' dir='ltr'>Diatioat.</span> 
     </span>
     <span class='ocr_line' id='line_1_43' title="bbox 226 3670 796 3737; baseline 0.002 -15"><span class='ocrx_word' id='word_1_312' title='bbox 226 3671 255 3736; x_wconf 81' lang='lat'>7)</span> <span class='ocrx_word' id='word_1_313' title='bbox 266 3670 339 3722; x_wconf 85' lang='lat' dir='ltr'>Arist</span> <span class='ocrx_word' id='word_1_314' title='bbox 353 3674 435 3737; x_wconf 78' lang='lat' dir='ltr'>Phys.</span> <span class='ocrx_word' id='word_1_315' title='bbox 449 3687 488 3730; x_wconf 80' lang='lat' dir='ltr'>rr,</span> <span class='ocrx_word' id='word_1_316' title='bbox 503 3671 528 3720; x_wconf 87' lang='lat'>3.</span> <span class='ocrx_word' id='word_1_317' title='bbox 540 3698 572 3710; x_wconf 91' lang='lat'>-</span> <span class='ocrx_word' id='word_1_318' title='bbox 582 3672 622 3722; x_wconf 87' lang='lat' dir='ltr'>De</span> <span class='ocrx_word' id='word_1_319' title='bbox 633 3674 707 3733; x_wconf 84' lang='lat' dir='ltr'>coelo,</span> <span class='ocrx_word' id='word_1_320' title='bbox 719 3689 758 3737; x_wconf 89' lang='lat'>111,</span> <span class='ocrx_word' id='word_1_321' title='bbox 771 3675 796 3723; x_wconf 90' lang='lat'>4.</span> 
     </span>
    </p>
   </div>
   <div class='ocr_carea' id='block_1_11' title="bbox 0 0 1326 4250">
    <p class='ocr_par' dir='ltr' id='par_1_14' title="bbox 0 0 1326 4250">
     <span class='ocr_line' id='line_1_44' title="bbox 0 0 1326 4250; baseline 0 3"><span class='ocrx_word' id='word_1_322' title='bbox 0 0 1326 4250; x_wconf 95' lang='lat' dir='ltr'> </span> 
     </span>
    </p>
   </div>
  </div>
 </body>
</html>
