2642 4250
535 289 714 333 ssnsvlanutu
732 257 933 332 rultdsorrnAE
994 321 1003 342 ,

473 433 491 500 §¹
505 439 549 492 lll.
566 441 606 491 lta
615 437 708 492 variis
722 436 827 491 formis
840 437 1004 506 regiminis,

274 563 343 624 284.
368 597 406 604 -
428 562 586 633 Potestas
611 577 681 637 quae
703 563 736 622 in
757 577 793 621 se
815 567 962 638 spectata
985 565 1035 622 est
1055 564 1243 640 complexus
1294 576 1296 643 ς

230 645 354 726 jurium
377 657 450 719 quae
469 643 601 702 cuilibet
623 643 771 702 societati
793 640 950 717 perfectae
973 659 1032 717 pro
1060 643 1131 720 ejus
1152 651 1209 706 nat
1232 680 1243 687 -
1294 684 1296 721 ;

236 742 272 786 ra
295 725 497 798 competunt,
530 723 563 782 in
596 721 746 799 subjecto
774 725 882 799 aliquo
918 722 1053 782 residet.
1294 790 1296 805 Ι

276 801 358 863 lllud
387 802 574 879 subjectum
605 817 678 861 esse
711 805 821 877 potest
846 801 900 861 vel
920 817 1063 878 persona
1097 801 1240 878 physica,

236 901 299 951 ,seu
312 883 409 942 homo
426 879 626 954 individuus,
648 882 703 942 vel
724 896 865 956 persona
886 881 1028 953 moralis
1059 897 1120 942 seu
1142 886 1244 943 coetus
1294 880 1296 891 '

236 963 379 1042 plurium
403 962 458 1037 qui
481 963 514 1020 in
537 975 640 1020 unum
665 963 875 1021 conveniunt.
892 961 989 1022 Porro
1006 976 1047 1020 ex
1061 962 1122 1021 hac
1138 960 1244 1022 diver·
1294 956 1296 1031 j

238 1046 332 1104 sitate
355 1041 496 1119 subjecti
517 1056 678 1116 suprema
698 1041 910 1110 auctoritatis,
933 1044 1081 1102 oriuntur
1108 1040 1242 1101 diversae
1294 1082 1296 1099 .

189 1181 191 1184 ,
236 1122 347 1184 forma
362 1121 539 1198 regiminis,
565 1137 634 1196 quae
649 1119 800 1196 proinde,
815 1127 971 1197 respectu
984 1123 1085 1196 ipsius
1100 1126 1241 1198 potesta-

238 1205 290 1275 ns,
308 1217 368 1261 seu
388 1201 486 1278 liujus
502 1201 843 1279 complexus-Junium,
860 1205 937 1260 sunl
957 1201 1079 1277 aliquid
1095 1199 1244 1260 acciden-
1294 1210 1296 1213 ·

239 1282 311 1344 tale'
328 1298 334 1338 :
351 1281 426 1338 huic
451 1281 604 1355 potestati
634 1280 714 1340 nihil
741 1278 885 1354 additur,
916 1281 994 1340 nihil
1022 1280 1164 1341 demitur
1189 1296 1246 1356 per
1294 1302 1296 1307 ·

238 1374 415 1423 numerum
441 1358 601 1437 majorem
624 1365 679 1418 aut
699 1360 860 1419 minorem
881 1360 1050 1420 hominum
1079 1362 1136 1437 qui
1162 1361 1246 1421 illam
1294 1394 1296 1397 -

239 1439 422 1519 mmmm
1129 1463 1132 1470 ·
1294 1466 1296 1478 1

279 1521 438 1579 Praeterea
460 1517 558 1576 etiam
579 1524 735 1595 respectu
755 1517 829 1578 finis
851 1519 990 1593 socialis
1006 1520 1190 1596 generatim
1205 1520 1247 1578 lo-

242 1599 388 1676 quendo,
412 1598 540 1658 bonitas
555 1599 709 1674 gubernii
730 1613 798 1658 non
820 1599 971 1658 absolute
996 1599 1123 1674 pendet
1145 1615 1162 1658 e
1182 1597 1245 1658 for·
1294 1622 1296 1671 g

240 1695 294 1738 ma
308 1679 488 1756 regiminis,
507 1683 583 1754 quia
596 1679 664 1738 liaec
678 1676 783 1737 forma
798 1683 848 1738 est
862 1693 983 1754 purum
996 1681 1248 1738 instrumentum
1294 1689 1296 1698 ¹

242 1760 337 1838 cujus
352 1759 480 1820 bonitas
491 1757 543 1816 vel
557 1758 680 1818 malitia
695 1766 806 1818 manat
820 1774 861 1818 ex
882 1759 1054 1818 honestate
1076 1758 1246 1818 utentium.
1294 1757 1296 1762 ’

241 1841 325 1918 Ergo
341 1839 413 1897 liaeo
430 1837 599 1898 diversitas
614 1837 792 1896 formarum
808 1842 858 1898 est
873 1837 997 1914 aliquid
1013 1837 1217 1898 accidentale
1239 1856 1244 1893 :
1294 1864 1296 1869 ,

242 1920 366 1996 itaque,
389 1918 465 1977 licet
485 1917 555 1993 ipsa
575 1921 723 1992 potestas
743 1918 876 1994 politica
900 1921 941 1978 sit
973 1935 992 1978 a
1023 1920 1104 1989 Deo,
1142 1924 1247 1977 tamen
1294 1932 1296 1974 1

244 2001 315 2077 ejus
333 1997 560 2058 determinatio
577 1995 619 2057 ad
644 2002 770 2057 certum
793 1997 928 2057 modum
949 1998 1118 2075 regiminis
1140 2002 1190 2058 est
1212 2012 1247 2054 er
1294 2005 1296 2077 g

243 2079 374 2139 arbitrio
396 2078 551 2137 humano.
1294 2112 1296 2143 3

284 2159 484 2234 Disceptatio
502 2173 580 2234 ergo
599 2154 640 2215 de
654 2154 750 2217 variis
771 2154 884 2216 formis
898 2156 1050 2234 gubernii
1071 2156 1180 2235 logice
1195 2173 1247 2231 ve-
1294 2177 1296 2217 ι

244 2239 292 2299 nit
313 2242 387 2315 post
409 2237 667 2311 explorationem
681 2251 845 2312 supremae
861 2238 1032 2313 potestatis
1047 2238 1080 2297 in
1095 2253 1132 2297 se
1149 2242 1182 2297 et
1195 2238 1246 2295 ab·
1294 2252 1296 2262 ’

244 2319 350 2378 solute
372 2320 543 2392 spectatae.
1294 2325 1296 2351 ³

284 2399 353 2457 285.
388 2430 425 2437 -·-
455 2395 544 2455 Plato
574 2394 615 2473 (l)
648 2397 681 2453 et
712 2395 905 2457 Aristoteles
937 2394 978 2474 (2)
1000 2397 1070 2472 jam
1092 2396 1248 2457 docebant
1294 2398 1296 2459 ἰ

246 2482 312 2537 tres
335 2492 408 2536 esse
429 2474 550 2534 formas
565 2475 729 2551 simplices
750 2481 845 2535 rectae
860 2478 1119 2555 gubernationis,
1134 2493 1248 2551 nempe
1294 2499 1296 2550 †

246 2557 478 2626 monrucbiont,
506 2556 750 2613 ottotocrott'aot
776 2558 810 2614 el
834 2557 1077 2616 dentoerotc'cm.
1105 2557 1136 2615 Si
1168 2560 1247 2616 enim

246 2636 419 2697 multitudo
444 2632 662 2711 gubernanda
685 2638 746 2705 est,
771 2632 842 2694 lieri
864 2652 930 2695 non
952 2640 1063 2711 polest
1089 2636 1167 2714 quin
1187 2653 1246 2695 uno
1294 2638 1296 2706 ἐ

247 2721 303 2775 aut
325 2716 424 2774 altero
443 2730 483 2774 ex
504 2716 592 2773 hisce
615 2714 719 2774 tribus
733 2714 839 2775 modis
854 2716 1060 2793 gubernetur
1076 2736 1083 2775 ε
1100 2720 1157 2775 aut
1170 2732 1248 2775 unus
1294 2711 1296 2785 ξ

246 2792 427 2873 praeficitur,
453 2798 486 2853 et
502 2801 578 2854 tunc
598 2794 787 2854 monarchia
810 2797 888 2866 erit;
912 2800 967 2854 aut
982 2796 1082 2873 aliqui
1104 2796 1146 2856 de
1170 2798 1246 2857 mul·
1294 2795 1296 2869 ξ

247 2876 299 2945 tis,
324 2890 388 2950 quo
412 2890 490 2934 casu
510 2873 651 2934 liabetur
671 2874 887 2947 aristocralla3
912 2880 968 2934 aut
983 2875 1127 2952 denique
1141 2892 1248 2936 omnes
1294 2913 1296 2938 ;

247 2956 391 3025 omnino,
416 2957 447 3013 et
463 2959 540 3014 tunc
561 2953 713 3030 regimen
735 2959 785 3014 est
807 2952 1091 3015 democraticum,'
1294 2952 1296 3011 ξ

288 3033 353 3094 Sed
375 3036 440 3093 ista
464 3032 576 3093 formae
599 3039 738 3108 possunt
757 3035 843 3094 inter
867 3050 904 3095 se
936 3036 1029 3111 quasi
1054 3034 1246 3112 permisceri.
1294 3055 1296 3058 ·

248 3130 290 3174 ex
304 3128 369 3190 qua
390 3113 604 3188 permixtione
627 3114 776 3173 oriuntur
796 3112 910 3174 formae
926 3116 1042 3185 mixta,
1060 3130 1130 3191 quae
1144 3116 1248 3190 proin-

248 3193 289 3254 de
313 3210 354 3253 ex
375 3193 580 3267 simplicium,
602 3196 658 3251 aut
681 3193 838 3266 omnium,
863 3199 921 3253 aut
936 3193 1075 3271 duarum
1085 3196 1248 3273 junctione

246 3274 422 3342 resultant;
447 3272 494 3331 sic
515 3288 581 3333 non
603 3271 743 3332 liabetur
763 3273 824 3333 nisi
846 3271 1001 3351 quaedam
1022 3275 1127 3335 forma
1147 3274 1248 3335 aristo·
1294 3277 1295 3280 ’

247 3352 356 3414 cratiae
368 3352 1115 3430 1111101191110ρανίαηιεηίαήεηιοῃη3111111110
1126 3353 1249 3432 quidam

247 3435 431 3494 conventus
446 3448 506 3491 seu
521 3435 656 3491 senatus
672 3447 691 3491 a
704 3431 826 3517 populo
843 3433 969 3494 electus
984 3450 1170 3511 supremam
1192 3432 1246 3493 ob-

277 3580 311 3647 (1)
324 3580 355 3631 In
367 3578 447 3630 Polit.
461 3577 485 3627 t.

278 3684 434 3753 (2)Ρο111.1.
451 3696 490 3750 111,
505 3701 528 3737 c.
544 3686 567 3736 5.
