2642 4250
215 199 270 260 122
507 219 703 263 ‚enarramus
723 218 924 265 rarrosornns
1287 200 1289 283 l

213 347 292 410 erga
312 333 507 409 proximum,
524 349 585 394 seu
598 335 685 396 viam
702 335 885 397 honestatis
905 333 1018 394 liberis
1045 331 1223 393 ostendere
1287 344 1289 389 :

214 416 379 473 tenentur.

252 493 282 552 3³
297 493 462 554 Potestate
479 495 669 555 executoria
685 498 718 553 et
732 493 905 571 speciatim
920 493 1065 553 coactiva
1079 507 1146 552 non
1166 508 1222 552 or·
1287 514 1289 603 p

212 573 332 633 bantur
349 575 516 648 parentes,
540 573 657 649 quibus
683 572 874 635 facultatem
898 571 1082 650 castigandi
1107 576 1221 633 natura
1287 612 1289 643 r

211 651 282 728 ipsa
298 651 461 724 concedit,
477 657 514 713 ut
529 651 570 712 ad
585 652 810 714 obediendum
824 651 907 713 filios
922 653 1057 732 adigant
1072 659 1104 712 et
1119 657 1222 729 persi·
1287 660 1289 699 l

214 748 327 792 caeem
349 748 464 793 eorum
479 733 695 804 voluntatem,
711 734 739 794 si
758 734 810 793 illa
834 732 930 800 adsit,
946 734 977 793 vi
992 748 1052 792 seu
1068 731 1222 792 adhibitis
1287 746 1289 787 :

212 812 323 890 virgis,
336 809 491 890 frangant
504 832 510 872 :
525 812 691 873 educandi
703 814 757 894 jus
771 813 830 873 has
844 812 1016 874 facultates
1031 827 1146 872 seeum
1160 818 1222 872 tra·
1287 836 1289 841 ·

212 892 270 959 bit,
288 893 405 952 saltem
420 893 454 952 in
469 896 583 953 tenera
597 897 703 954 aetate.
721 893 786 954 Sed
800 897 949 970 potestas
965 890 1148 972 castigandi
1165 892 1222 970 jus
1287 898 1289 925 ³

211 971 282 1032 vite
299 976 331 1031 et
346 974 437 1032 necis
453 972 585 1034 minime
602 973 758 1038 eontinet.
777 972 867 1050 quod
883 973 944 1033 soli
960 973 1028 1032 Deo
1054 973 1221 1048 competit,
1287 974 1289 979 '

213 1058 247 1111 et
262 1053 417 1126 potestati
432 1052 579 1126 publicae,
597 1068 668 1129 qua
686 1051 767 1113 illud
789 1069 806 1112 a
827 1054 896 1113 Deo
917 1053 1055 1127 accepit.
1068 1051 1166 1128 Apud
1180 1052 1222 1109 cl·
1287 1086 1289 1129 3

211 1147 269 1191 ves
283 1145 438 1192 romanos
454 1137 543 1194 tanta
560 1137 629 1192 erat
649 1137 794 1207 poteslas
813 1131 919 1209 patria
945 1137 979 1191 ut
1001 1133 1054 1191 lex
1076 1148 1120 1192 xu
1144 1131 1221 1191 Tab.
1287 1134 1289 1176 ῑ

212 1211 258 1270 sic
274 1211 465 1287 praeciperet
481 1233 489 1273 :
510 1236 522 1265 ι
540 1214 574 1272 ln
589 1211 711 1272 liberos
727 1227 881 1288 suprema
896 1216 1026 1287 patrum
1046 1213 1223 1272 auctoritas
1287 1216 1289 1295 j

213 1294 283 1350 esto
287 1291 542 1430 fihvenumdare,
559 1290 712 1353 occidere
727 1293 838 1363 liceto,
858 1316 870 1344 ι
890 1291 979 1368 quod
993 1308 1010 1351 a
1026 1307 1108 1352 voce
1129 1295 1221 1351 natu·
1287 1328 1289 1359 ;

211 1386 285 1431 raea
334 1376 433 1432 orrel.

548 1493 579 1541 Il.
591 1491 628 1542 De
642 1491 732 1542 officiis
742 1492 891 1542 liberorum.

248 1611 319 1671 221.
335 1611 580 1672 -Liberorum
603 1611 638 1671 in
661 1617 829 1686 parentes,
847 1627 865 1671 a
888 1612 1007 1688 quibus
1020 1614 1224 1687 receperunt
1287 1660 1289 1674 .

209 1692 428 1756 existentiam,
445 1692 683 1751 nutrimentum
707 1695 740 1751 et
764 1690 982 1768 disciplinam,
999 1689 1108 1752 officia
1123 1691 1222 1750 etiam

210 1770 313 1831 dictat
326 1777 453 1831 natura.
470 1771 541 1831 Haeo
561 1768 666 1830 officia
691 1770 733 1831 ad
758 1771 932 1847 sequentia
952 1771 1223 1850 capitarevocari

210 1854 359 1926 possunt,
373 1865 495 1926 nempe
508 1848 551 1910 ad
561 1865 720 1915 amorem.
733 1853 953 1912 reverentiam
963 1856 997 1912 et
1011 1851 1221 1928 obsequium,

210 1929 355 2006 denique
371 1929 413 1990 ad
430 1929 682 2005 obtemperandi
698 1931 854 1991 studium.

253 2011 281 2070 l⁰
296 2010 362 2070 Filii
378 2010 568 2087 parentibus
583 2025 729 2070 amorem
744 2012 889 2073 debent:
908 2011 1010 2088 exigit
1024 2011 1113 2071 enim
1127 2013 1223 2071 natu-

210 2106 245 2149 ra
259 2096 296 2150 ut
311 2105 368 2152 eos
381 2093 510 2151 sincere
530 2089 706 2167 diligamus
728 2109 747 2152 a
772 2093 892 2169 quibus
911 2091 1044 2171 majoris
1064 2091 1224 2151 momenti

209 2170 297 2230 bona
315 2172 519 2247 recepimus:
543 2170 603 2231 sed
622 2172 719 2232 bonis
737 2172 1011 2248 praestantissimis
1024 2170 1120 2241 filios
1139 2187 1222 2248 quos

210 2255 399 2324 genuerunt
424 2253 457 2310 et
480 2250 638 2325 impensis
667 2254 751 2312 curis
776 2254 941 2319 aluerunt,
963 2252 1215 2311 cumulaverunt

210 2336 376 2406 parentes.
392 2332 447 2391 Hic
473 2346 566 2391 amor
585 2334 682 2391 unice
708 2331 829 2393 cedere
850 2331 951 2392 debet
968 2332 1015 2393 illi
1035 2346 1135 2408 quern
1151 2332 1221 2391 Deo

211 2410 383 2481 debemus,
402 2410 454 2470 cui
476 2410 684 2471 existentiam
703 2417 876 2489 acceptam
899 2412 1000 2488 longe
1026 2410 1143 2470 melius
1167 2428 1223 2471 re-

208 2488 295 2550 ferre
313 2490 485 2550 debemus.
501 2492 548 2551 Ex
561 2490 623 2551 hac
637 2491 714 2567 lege
730 2493 850 2553 amoris
865 2491 1005 2570 ejusque
1023 2487 1224 2551 fundamen-

211 2575 255 2636 to,
273 2572 421 2646 sequitur
435 2570 556 2631 liberos
572 2571 776 2644 parentibus,
793 2572 819 2632 si
834 2575 967 2649 egeant,
984 2570 1160 2631 subvenire
1176 2574 1222 2631 te·

209 2650 292 2720 neri,
309 2654 374 2710 tam
388 2650 422 2709 in
436 2651 658 2727 spiritualibus
676 2666 775 2727 quam
789 2652 822 2711 in
839 2650 1075 2726 corporalibus.

248 2730 281 2789 2⁰
295 2727 360 2789 llilii
381 2731 574 2805 parentibus
597 2732 814 2791 repercutiam
839 2730 974 2799 debent,
997 2735 1066 2789 tum
1085 2729 1221 2790 interio-

208 2822 291 2874 rem,
309 2824 379 2884 quae
397 2809 430 2869 in
450 2810 595 2886 quodam
609 2810 846 2871 venerabundo
865 2811 965 2872 animi
982 2812 1097 2869 timore
1113 2810 1220 2870 consi·

209 2887 273 2956 stit,
289 2891 358 2948 lum
373 2890 571 2950 exteriorem
587 2906 652 2967 qua
667 2890 802 2952 interior
812 2890 916 2967 signis
930 2889 1141 2950 sensibilibus
1155 2906 1224 2949 ma·
1287 2886 1289 2892 '

209 2964 394 3038 nilestatur;
417 2975 572 3047 parentes
597 2969 685 3030 enim
704 2970 889 3046 superiores
907 2973 984 3030 sunt
998 2969 1076 3049 jure
1100 2974 1223 3031 naturae

207 3047 291 3108 filiis.

248 3128 280 3187 3ὓ
299 3126 517 3188 obedientium
535 3128 659 3189 debent
678 3130 712 3189 in
732 3130 771 3188 iis
789 3130 942 3190 omnibus
957 3130 990 3189 in
1006 3129 1126 3206 quibus
1140 3130 1221 3190 sub-

207 3210 294 3278 sunt,
312 3208 388 3282 quia
403 3213 558 3283 parentes
570 3208 626 3285 jus
640 3208 825 3285 imperandi
838 3210 974 3283 habent,
991 3210 1044 3270 cui
1064 3224 1221 3270 necessa-

206 3288 254 3346 rio
278 3288 459 3360 respondet
476 3288 509 3347 in
533 3288 645 3350 liberis
670 3286 814 3351 officium
835 3289 1026 3352 obediendi.
1044 3289 1142 3351 Porro
1164 3287 1222 3350 filii

206 3365 347 3425 subsunt
364 3369 393 3426 l⁰
407 3368 494 3429 iniis
510 3370 664 3431 omnibus
679 3385 750 3446 qua
765 3368 807 3429 ad
821 3371 928 3431 bonos
941 3386 1051 3432 mores
1077 3375 1111 3431 et
1132 3369 1222 3430 salu·

208 3449 275 3506 tem
285 3451 447 3521 spectant,
460 3450 491 3509 2⁰
501 3450 534 3510 in
544 3450 583 3510 iis
595 3466 665 3527 quoe
680 3466 717 3510 se
727 3449 876 3511 referunt
887 3451 929 3511 ad
940 3451 1090 3526 regimen
1104 3449 1221 3510 dome-

206 3524 336 3597 sticum,
357 3526 399 3587 ad
422 3544 552 3606 pacem,
574 3530 670 3602 bona,
693 3527 796 3592 decus
818 3529 956 3603 familia,
979 3533 1042 3589 etc.
1065 3529 1132 3590 Sed
1157 3530 1221 3592 evi-

207 3603 327 3666 denter
340 3622 404 3669 non
421 3610 562 3671 subsunt
579 3610 613 3671 in
632 3611 671 3672 iis
691 3626 763 3688 quae
782 3609 952 3689 preceptis
968 3608 1086 3672 divinis
1100 3608 1218 3671 adver·
