2642 4250
437 242 542 290 armen
563 237 732 286 senentis(
1056 228 1096 287 95

115 355 188 414 173.
214 387 252 397 -
275 355 456 416 Sotiatium.
479 355 512 416 Si
532 360 642 416 tamen
664 357 759 418 aliter
781 356 915 418 invasus
936 363 1051 434 posset
1073 377 1093 422 e

72 435 229 495 manibus
251 433 413 495 invasoris
435 450 472 495 se
498 437 639 512 eripere,
667 441 757 498 certo
779 451 846 498 non
868 443 983 515 posset
1002 439 1092 502 hunc

74 511 248 585 occidere;
266 531 345 574 nam
361 515 403 576 ad
417 513 452 577 id
466 517 642 592 requiritur
664 515 832 577 conflictus
850 517 937 578 inter
951 519 1030 595 jura
1048 520 1091 581 ad

72 593 176 652 vitam
197 595 394 656 servandam
419 600 475 655 aut
504 595 546 656 ad
570 596 657 656 hona
680 597 917 674 equivalentia.
932 597 1091 660 Praeterea

73 672 139 732 vim
153 675 184 734 vi
198 675 367 750 repellens
380 676 558 736 excederet
571 677 781 736 moderamen
790 677 963 752 inculpatae
972 679 1051 739 tutet
1082 727 1089 748 ‚

74 753 100 811 si
117 753 195 828 plus
220 753 331 815 damni
349 754 485 816 inferret
504 755 692 834 aggressuri
713 773 810 834 quam
831 773 971 818 necesse
991 759 1033 818 sit
1047 757 1090 818 ad

73 847 109 892 se
125 833 300 894 tuendum.
318 836 374 895 tus
385 851 533 912 persona
548 839 667 896 invasae
681 835 823 912 praesidii
839 853 937 898 causa
952 839 1089 916 acquiri-

75 917 136 984 tur,
155 929 194 974 ac
214 913 356 989 proinde
372 915 497 977 ambitu
512 917 658 975 tuitionis
675 917 875 976 continetur.

76 1034 140 1094 174.
165 1068 203 1078 -
217 1037 326 1096 'suasis
341 1038 377 1096 11.
394 1039 474 1096 Jaro
487 1041 614 1096 notura·
638 1036 759 1097 r'ttc'or’to
783 1041 856 1097 sunt
872 1039 1007 1112 privato
1022 1055 1087 1100 oer-

110 1115 246 1189 tomt'reo,
271 1133 342 1191 quae
357 1117 469 1176 duello
482 1124 648 1178 occantur.

109 1230 189 1290 Noto
210 1232 234 1290 Ι.
269 1232 386 1308 Agitur
415 1229 457 1292 de
484 1231 661 1292 certamine
692 1229 834 1291 duorum
864 1235 921 1292 aut
943 1231 1087 1308 plurium

70 1310 201 1382 prtooto
225 1327 327 1372 causo
357 1315 390 1371 et
411 1315 547 1386 privato
575 1314 768 1371 auctoritate
799 1315 968 1387 suscepta,
997 1312 1084 1391 desi-

72 1392 169 1464 gnato
191 1396 288 1450 antea
313 1405 439 1468 genere
466 1389 715 1468 congrediendi,
737 1407 813 1451 cum
833 1393 980 1466 periculo
1001 1396 1086 1453 occi-

74 1467 180 1541 sionis,
192 1472 404 1532 mutilationis
415 1471 468 1532 vel
478 1471 641 1531 vulneris·
652 1471 728 1545 Qua
743 1474 938 1532 auctoritate
954 1472 1086 1548 publica

74 1549 153 1606 inter
165 1549 279 1620 hostes
293 1548 388 1624 fiunt,
404 1555 442 1610 ut
452 1551 584 1631 celebre
598 1551 680 1612 illud
702 1549 833 1612 Davidis
849 1568 924 1611 cum
945 1552 1083 1625 Goliath,

73 1642 135 1687 non
164 1634 241 1690 sunt
256 1631 429 1706 prohibita.

108 1708 187 1767 Noto
203 1710 240 1768 11.
267 1713 344 1771 ture
361 1709 583 1770 ecclesiastico
603 1707 898 1790 vetaturduellum
912 1710 972 1770 suh
983 1727 1084 1788 poena

73 1791 422 1850 excommunicationis.

108 1868 278 1931 Probatur.
304 1873 404 1930 Homo
429 1869 463 1929 in
484 1869 582 1930 vitam
603 1884 667 1929 nec
682 1885 773 1930 suam
792 1885 857 1929 nec
879 1870 1017 1930 aliorum
1026 1871 1083 1949 jus

73 1946 167 2006 ullum
187 1947 308 2022 habet;
330 1951 422 2027 atqui
441 1949 556 2009 initiis
575 1949 809 2010 certaminibus
823 1952 888 2010 vita
904 1953 975 2026 ipsa
991 1967 1080 2012 com-

72 2027 199 2166 ἶήῑῇἑυν
225 2046 232 2086 :
261 2045 340 2108 ergo
366 2029 476 2090 omnia
498 2034 696 2109 argumenta
716 2030 869 2104 superius
895 2028 972 2090 data
994 2029 1080 2109 (167)

93 2122 130 2166 uc
158 2108 280 2170 aciunt.

108 2186 171 2247 175.
189 2222 228 2231 -
243 2191 420 2251 Setotz'om.
438 2190 592 2251 Duellum
613 2188 872 2266 haudquaquam
897 2193 1013 2266 aptum
1030 2189 1082 2250 es't

72 2264 109 2325 ad
130 2269 377 2331 resarciendum
391 2272 483 2331 illum
497 2272 656 2331 honorem
671 2285 771 2347 quem
782 2269 912 2347 jactant
928 2285 1080 2348 pugnan-

73 2348 129 2418 tes;
149 2364 224 2409 nam
246 2350 298 2411 hic
320 2352 427 2412 honor
451 2354 504 2411 est
525 2350 640 2410 relatio
666 2348 709 2409 ad
734 2349 814 2409 aiios
828 2349 992 2422 homines,
1018 2365 1080 2409 seu

71 2427 157 2487 unice
178 2429 212 2488 in
238 2446 353 2491 eorum
375 2430 530 2507 opinione
554 2428 690 2490 residet.
712 2430 752 2488 At
774 2445 854 2489 vera
882 2430 1078 2491 existimatio

71 2505 229 2569 hominum
251 2525 319 2571 non
340 2510 578 2571 determinatur
601 2521 663 2585 per
693 2512 862 2569 certarnen
896 2508 1076 2588 singulare,

71 2586 122 2647 sed
142 2604 203 2663 per
226 2590 361 2651 virtutes
381 2597 413 2651 et
431 2588 651 2661 honestatem,
683 2592 799 2649 contra
824 2604 921 2666 quam
950 2594 1079 2667 pugnat

72 2663 216 2727 duellum.
248 2670 360 2746 ltaque
383 2670 509 2731 etiamsi
531 2669 679 2728 duellum
705 2672 794 2728 esset
816 2668 850 2728 in
873 2684 909 2728 se
934 2669 1073 2739 licitum,

68 2750 144 2809 certo
162 2746 350 2811 duellantes
365 2764 503 2827 operam
516 2748 711 2825 perderent,
727 2764 788 2808 seu
799 2764 950 2825 scopum,
973 2765 1075 2828 quem

68 2825 118 2887 sibi
129 2830 371 2905 proponebant,
392 2828 484 2891 nulio
506 2827 605 2890 modo
627 2829 841 2906 attingerent.

523 2988 601 3005 —

460 3097 587 3160 CAPUT
608 3098 660 3159 111.

184 3261 223 3305 DE
246 3258 366 3305 oxxtcns
384 3256 507 3305 HOMINIS
527 3258 606 3303 nnat
628 3253 771 3302 camos
785 3253 927 3300 flotnrtits.

98 3378 159 3441 176.
180 3410 218 3420 -
235 3376 358 3437 Omnes
376 3376 529 3437 homines
549 3371 706 3434 eamdem
727 3374 884 3432 naturam
906 3367 1069 3431 eumdem

67 3474 117 3535 que
142 3456 243 3519 finem
270 3456 395 3516 hahent
427 3475 435 3515 ε
466 3454 586 3515 eadem
616 3454 705 3513 enim
729 3456 848 3511 natura
869 3448 903 3509 in
924 3452 1068 3529 singuiis

65 3538 235 3599 hominihus
257 3537 360 3599 veluti
381 3536 500 3596 iterata
527 3550 588 3595 seu
612 3532 830 3607 multiplicata
842 3532 1067 3620 conspicitur,

68 3622 93 3679 et
103 3618 140 3680 ad
154 3615 311 3681 eumdem
331 3614 443 3689 finem,
466 3614 620 3677 omnibus
635 3628 728 3691 aeque
742 3614 970 3689 praestitutum,
986 3628 1065 3691 pro·
