2642 4250
452 328 552 372 arrum
577 323 738 371 saucians,
1043 298 1101 360 149

80 442 216 505 deretur
229 446 266 501 ut
279 443 369 502 velut
382 441 572 503 naturaliter
595 445 771 517 appeteret
802 439 1001 515 potestatem
1015 431 1097 510 poli·

81 528 186 584 troam.
202 524 285 600 Ergo
310 537 408 583 causa
431 537 501 599 quoe
522 521 671 597 primitus
696 519 894 582 determinat
908 514 1097 607 subJectum

77 603 249 743 ggffiztsaiiicsi
274 603 413 678 politica
443 606 494 662 est
518 602 725 678 prevalentia
755 598 992 678 praeexistentrs
1011 607 1096 672 Jurrs

121 804 280 864 Probatur
306 805 438 880 2³pars,
476 819 598 881 nempe
620 819 755 864 causum
777 818 841 878 per
867 801 1096 862 occideusesse

80 897 275 944 consensum.

124 1000 152 1059 ιο
172 997 202 1056 Si
225 1011 324 1057 causa
340 1012 447 1072 porse
470 997 586 1076 estjus
607 1004 793 1074 paternum,
813 996 885 1074 jam
907 1007 1108 1072 consensus

80 1076 210 1137 nonnisi
232 1092 329 1137 causa
353 1093 413 1153 per
433 1079 584 1138 accidens
608 1093 681 1138 esse
703 1082 821 1155 potest.
1103 1084 1106 1088 ’

119 1157 150 1216 20
171 1155 269 1232 Origo
294 1157 458 1217 societatis
472 1174 541 1219 non
556 1161 607 1218 est
617 1156 792 1218 artificialis
804 1155 871 1234 (231
886 1150 970 1229 242)
980 1167 1093 1227 neque

79 1237 337 1310 supernaturalis
357 1237 439 1315 (237,
464 1235 542 1315 eto.)
564 1254 601 1297 ac
623 1237 763 1315 proinde
787 1240 837 1296 est
870 1248 963 1294 mere
998 1235 1092 1291 natu-

79 1316 162 1386 ralis,
202 1314 348 1393 ideoque
383 1321 529 1393 potestas
567 1325 730 1385 concreta,
771 1330 847 1393 quae
879 1317 930 1374 est
954 1310 1092 1372 formale

79 1395 271 1472 principium
305 1396 482 1469 societatis
517 1400 568 1457 est
598 1399 768 1458 naturalis
803 1393 870 1455 Sed
906 1407 1090 1453 consensus

77 1490 155 1534 non·
185 1479 236 1534 esi
256 1476 456 1535 elementum
478 1477 628 1536 naturale
650 1475 828 1546 societatis
851 1472 1017 1550 siquidem
1041 1474 1093 1530 est

78 1553 155 1632 quid
187 1554 408 1626 arbitrarium,
441 1557 571 1632 penitus
595 1557 735 1617 liberum
763 1559 863 1632 atque
897 1551 1092 1613 indetermi-

78 1640 191 1704 natum
215 1634 325 1711 quoad
346 1635 434 1694 hunc
456 1635 621 1696 velillum
644 1637 831 1699 terminum.
852 1635 936 1710 Ergo
959 1629 1092 1692 nonnisi

79 1729 137 1789 per
166 1711 413 1775 accidensesse
426 1720 537 1791 potest
550 1732 649 1777 causa
671 1733 742 1794 qua
764 1715 1091 1788 determinatsupre-

79 1808 164 1852 mam
199 1798 412 1868 potestatem.

114 1871 183 1932 267.
209 1907 248 1916 -
272 1874 451 1934 Scholion.
480 1874 515 1932 ln
550 1875 763 1936 societatibus
794 1873 866 1951 jam
903 1869 1090 1932 constitutis

77 1954 267 2030 contingere
282 1958 395 2029 posset
407 1956 455 2021 ut,
473 1949 647 2014 deficiente
669 1953 819 2031 subjecto
833 1950 980 2031 legitimo
1002 1949 1091 2026 prin-

77 2029 211 2107 cipatus,
225 2047 409 2094 consensus
423 2033 464 2092 sii
485 2033 629 2094 medium
652 2036 785 2095 unicum
806 2033 859 2094 liic
882 2036 915 2092 et
928 2045 1017 2091 nunc
1033 2027 1091 2089 de'-

76 2111 269 2173 terminandi
290 2113 477 2191 subjectum
498 2131 659 2193 supremae
682 2117 864 2191 potestatis,
887 2127 1009 2186 nempe
1032 2126 1087 2171 su·

74 2206 220 2266 premam
243 2198 442 2268 potestatem
464 2193 498 2253 in
520 2198 687 2255 concrete.
712 2195 858 2255 Diximus
882 2190 1088 2252 «deficiente

74 2270 220 2349 subjecto
245 2272 386 2348 iepz'toino
411 2296 439 2347 ι,
463 2289 540 2333 narn
560 2274 612 2333 hio
628 2276 737 2351 agitur
760 2275 802 2334 de
823 2274 973 2334 subiecto
997 2268 1089 2347 quod

75 2350 160 2428 «jus
186 2377 198 2403 ι
225 2352 346 2413 habeat
372 2352 414 2413 ad
449 2368 641 2430 supremam
677 2359 888 2430 potestatem,
926 2349 1088 2427 quidquid

72 2428 110 2488 sit
131 2429 174 2491 de
197 2433 316 2493 actuali
338 2436 561 2509 possessione,
586 2448 660 2510 quae
684 2434 819 2511 quidem
841 2436 950 2507 potest
963 2432 1094 2508 injuste.

73 2508 211 2570 detineri
260 2512 300 2571 ab
343 2518 552 2588 usurpatore.
597 2512 785 2575 Consensus
826 2517 990 2590 praeterea
1019 2525 1088 2570 non

72 2596 159 2650 esset
181 2590 328 2650 medium
349 2591 533 2669 legitimum
556 2591 800 2655 determinandi
820 2593 1011 2671 subjectum
1034 2606 1088 2649 su-

71 2684 194 2744 premae
217 2671 418 2733 auctoritatis
440 2673 594 2749 politicae,
617 2674 679 2732 nisi
701 2690 779 2734 casu
801 2689 866 2750 quo
897 2672 954 2749 jus
976 2687 995 2729 a
1025 2686 1084 2730 ne-

71 2751 157 2840 mine
181 2751 391 2843 retineretur.
424 2751 490 2813 Sed
511 2753 562 2812 hic
586 2754 697 2830 agitur
720 2758 847 2814 tantum
869 2751 911 2812 de
934 2750 1086 2827 subjecto
1147 2757 1150 2762 '

67 2844 273 2905 principanio.
979 2877 983 2883 .

108 2908 179 2969 268.
203 2943 243 2951 -
270 2912 314 2969 De
329 2910 542 2971 translatione
556 2926 715 2983 supremae
736 2913 914 2986 potestatis.
937 2910 1086 2970 Potestas

71 3001 224 3063 suprema
256 2990 362 3049 semel
397 2988 516 3066 adepta
552 2994 663 3067 potest
694 2990 808 3068 triplici
829 2990 929 3051 modo
953 2989 995 3050 de
1018 3004 1083 3048 uno

70 3066 217 3144 subjecto
240 3067 273 3127 in
296 3067 384 3129 aliud
405 3069 553 3148 legitime
578 3068 755 3138 transferri,
779 3086 901 3147 nempe
925 3072 955 3129 l⁰
975 3070 1083 3129 haere-

70 3144 182 3217 ditate,
216 3148 248 3206 20
280 3147 455 3214 electione.
489 3150 520 3209 3⁰
547 3149 623 3225 jure
645 3150 790 3211 victoriae
811 3152 846 3210 in
869 3151 954 3211 bello
979 3150 1082 3227 justo,

69 3241 134 3286 non
156 3229 267 3286 autern
288 3228 322 3286 in
345 3228 525 3289 latrocinio.
549 3230 677 3289 Priores
697 3228 789 3291 modi
810 3247 829 3291 a
850 3230 980 3308 legibus
1012 3230 1084 3304 qui·

67 3304 207 3365 busdam
227 3304 530 3369 fundamentalibus
540 3309 679 3384 positive
702 3310 911 3371 determinari
932 3311 1084 3384 possunt,

68 3385 186 3462 quibus
224 3389 300 3446 tunc
335 3390 458 3448 nentini
495 3386 657 3467 derogare
687 3387 737 3450 fas
769 3394 821 3451 est
844 3409 852 3449 :
876 3388 1090 3449 conditiones·

69 3480 145 3542 ergo
182 3466 394 3541 particulares
431 3468 630 3529 constituere
667 3475 737 3531 tum
771 3470 985 3540 naereditatiS,
1016 3472 1084 3528 turn

69 3544 237 3605 electionis
259 3548 400 3622 pertinet
421 3548 568 3623 proxime
591 3547 633 3609 ad
650 3549 707 3626 jus
729 3549 917 3625 positivum,
940 3548 1085 3626 licetjus

68 3624 213 3685 naturale
235 3624 294 3685 has
326 3624 530 3688 conditiones
552 3628 678 3688 innuat.
701 3630 825 3689 Tamen
835 3628 1017 3689 notandum
1034 3633 1086 3690 est

71 3703 157 3781 quod
179 3704 355 3767 haereditas
376 3704 517 3784 publicae
539 3710 670 3769 utilitati
700 3711 806 3788 magis
828 3710 980 3784 consulit,
1007 3723 1085 3771 nam
