2642 4250
407 285 544 329 ntsronm
564 283 775 329 nntuosornna.
1046 267 1106 327 233

79 400 186 462 nimis
199 401 262 462 sub
277 401 415 463 vinculis
435 401 617 461 habuisset.
641 400 889 476 Speculationes
906 399 993 459 enim
1012 416 1103 460 mere

80 482 269 542 rationales
304 497 341 540 ac
370 481 512 542 morales
543 480 732 540 inferiorem
757 480 897 539 hominis
920 481 1103 556 appetitum

82 576 167 620 cum
188 561 386 622 detrimento
408 561 595 638 injuriaque
617 561 717 636 partis
738 559 915 636 superioris
931 575 991 618 seu
1005 560 1105 619 ratio-

80 640 173 701 nalis
200 641 335 717 explere
357 646 546 718 nequeunt;
562 639 642 700 inde
663 640 758 700 sicuti
789 642 822 700 in
849 639 982 700 homine
1003 637 1103 710 facul-

80 725 173 781 tates
195 721 368 782 sensibiles
382 728 495 780 contra
517 721 681 780 rationem
702 735 769 780 non
790 735 863 778 raro
886 723 1047 796 pugnant,
1073 723 1107 779 et

84 816 166 859 caro
190 801 392 876 concupiscit
413 801 567 859 adversus
590 801 763 876 spiritumr
781 800 823 860 ita
841 800 939 858 etiam
954 800 988 858 in
1003 799 1105 858 socie-

83 881 211 940 tatibus
232 879 361 949 accidit,
386 895 460 956 quae
477 878 653 956 aliquando
676 879 773 939 nimia
789 878 966 953 cupiditate
981 880 1105 938 bonum

83 960 252 1021 sensibile.
280 965 535 1036 prosequuntur,
558 961 647 1020 bono
672 959 867 1037 intelligibili
889 974 927 1018 ac
948 974 1104 1036 superna-

86 1040 188 1100 turali
201 1042 335 1117 penitus
356 1041 521 1118 neglecto.

129 1120 211 1178 lluic
231 1119 440 1179 insectationi
462 1126 593 1179 causam
624 1118 865 1178 occasionalem
896 1118 1106 1192 praebuerunt

86 1199 231 1276 argutiae
253 1204 288 1260 et
301 1213 396 1259 vanae
416 1200 613 1260 subtilitates
635 1198 755 1274 quibus
775 1200 846 1274 ipsa
867 1198 988 1257 sacculo
1018 1214 1058 1256 xv
1087 1211 1106 1256 a

86 1279 258 1340 nonnullis
273 1294 408 1355 aspersa
421 1278 493 1340 fuit.
518 1281 553 1339 ln
573 1279 633 1337 has
655 1277 744 1336 enim
766 1277 1009 1355 speculationes
1024 1277 1105 1354 logi-

87 1373 146 1417 cas
185 1364 219 1418 et
260 1358 504 1436 metaphysicas
548 1359 623 1434 plus
668 1371 760 1432 aequo
803 1359 988 1434 impegerat
1031 1371 1105 1432 quae

86 1437 223 1499 nonnisi
253 1439 518 1500 contentionibus
549 1443 582 1503 et
609 1436 852 1498 velitationibus
874 1436 1106 1512 philosophicis

89 1521 259 1588 constant;
283 1534 380 1592 porro
406 1517 570 1597 eJusmodi
591 1516 836 1593 speculationes
860 1517 932 1592 plus
956 1518 1106 1576 minusve

84 1601 222 1658 mentes
244 1595 441 1657 divertunta
457 1597 603 1658 tontibus
625 1597 850 1673 cognitionum
865 1599 1106 1671 experimenta-

87 1676 182 1747 lium,
207 1679 241 1737 in
265 1693 348 1754 quas
371 1682 448 1738 tunc
477 1675 733 1754 propendebant
770 1677 919 1738 nonnulli
955 1682 1106 1738 auctores
1204 1676 1208 1686 '

88 1755 226 1832 ingenio
243 1756 422 1817 clarissimi.

132 1839 154 1895 1.
179 1836 300 1896 scitoto
319 1838 512 1896 Florentino.
537 1837 580 1896 llo
598 1839 747 1910 tempore
769 1832 861 1913 (saec.
885 1834 936 1914 xv)
957 1835 992 1894 in
1018 1833 1106 1895 ltalia

88 1915 332 1992 philosophiam
352 1930 500 1994 graecam
520 1916 553 1975 in
568 1916 675 1974 lucem
698 1915 926 1991 produxerunt
952 1917 1107 1990 Georptus

88 1995 214 2067 Ptetto,
230 1995 335 2072 patria
349 1996 556 2073 Byzantinus,
574 1995 767 2054 etnonnulli
789 1994 904 2067 Graeci,
929 1995 984 2071 qui
1000 1997 1105 2056 conci-

88 2075 132 2134 lio
166 2075 351 2136 Florentino
380 2076 469 2155 (anu.
503 2075 591 2152 1438)
615 2073 864 2135 interfuerant:
895 2075 1106 2153 philosophiae

89 2154 236 2217 Platonis
256 2157 438 2231 praesertim
455 2159 541 2215 totus
562 2155 617 2215 ille
639 2171 675 2214 se
693 2154 795 2215 dedit.
810 2154 975 2217 Platonica
999 2156 1103 2231 philo·

90 2235 218 2308 sophia,
240 2234 412 2296 Plethonis.
429 2234 549 2305 studio,
575 2235 746 2295 Florentiae
774 2236 962 2296 introducta
986 2242 1046 2303 est,
1074 2240 1107 2294 et

91 2330 109 2373 a
132 2314 280 2375 lledicea
304 2315 424 2377 familia
455 2316 657 2392 patrocinata
682 2316 894 2376 :Maecilius
919 2318 1045 2374 Fictaus
1075 2320 1108 2374 et

89 2395 187 2453 Picus
213 2396 460 2457 Miroudotuttus
482 2396 567 2455 hanc
595 2395 836 2470 philosophiam
868 2400 1103 2471 exposuerunt.

91 2471 272 2535 Cardinalis
306 2477 454 2535 Bessort'o
489 2474 690 2535 moderatius
726 2475 849 2535 Platoni
892 2474 1030 2535 adhaesit
1074 2479 1108 2533 et

90 2554 299 2614 Aristotelem
321 2555 455 2615 minime
478 2554 698 2631 contempsit:
724 2570 799 2615 cum
822 2554 909 2615 enim
934 2554 1036 2614 Graeci
1065 2554 1106 2615 dc

90 2632 235 2694 Platonis
250 2638 283 2693 et
297 2635 479 2695 Aristotelis
493 2634 697 2711 philosophia
713 2632 870 2695 acerrime
887 2634 1103 2711 disputarent,

92 2713 288 2773 auctoritate
303 2718 336 2774 et
358 2714 539 2775 eruditione
561 2731 621 2775 sua
641 2730 722 2775 usus
746 2719 806 2785 est,
823 2718 859 2774 ut
871 2714 956 2774 hanc
978 2713 1105 2790 potissi-

91 2808 184 2852 mum
207 2797 461 2854 controversiam
495 2794 599 2853 amice
630 2794 783 2854 dirimere
813 2798 970 2863 tentaret;
994 2796 1119 2873 tamen

91 2873 228 2947 Georqt‘o
247 2876 470 2947 Trapezuotio,
493 2874 710 2934 vehementer
730 2874 895 2934 Aristoteli
916 2872 1050 2938 faventi,
1069 2889 1105 2933 se

92 2951 258 3027 opposuit.

133 3032 192 3091 Pro
207 3033 381 3092 Aristotele
397 3032 495 3092 etiam
510 3032 630 3093 acriter
642 3031 822 3093 decertavit
838 3034 993 3107 Georpt'us
1009 3032 1106 3093 Scito—

93 3110 211 3184 tortus,
242 3114 348 3187 patria
376 3112 773 3190 Constantinopolitanus;
811 3116 855 3180 et,
888 3111 1008 3171 eodem
1035 3108 1106 3171 iere

92 3196 254 3267 tempore,
276 3194 390 3252 Petrus
406 3193 794 3270 Pompouatiusfineunte
817 3206 895 3251 saec.
925 3190 988 3269 xvi)
1017 3193 1104 3268 peri-

93 3273 239 3346 pateticae
261 3270 471 3348 philosophiae
494 3287 629 3349 operam
652 3271 954 3349 contulit(ll,124).

133 3351 206 3410 lstae
224 3348 464 3428 disputationes
485 3351 548 3413 hoc
573 3352 786 3414 emolumenti
807 3352 994 3411 habuerunt
1017 3348 1105 3427 quod

91 3430 205 3507 lingua
227 3446 332 3509 graeca
346 3430 407 3492 fuit
420 3431 540 3493 melius
561 3436 713 3511 cognita„
728 3438 759 3491 et
781 3430 897 3491 litteris
912 3435 1011 3507 atque
1035 3430 1103 3491 ele·

93 3514 232 3588 gantiori
246 3510 412 3572 scribendi
426 3512 543 3572 rationi
558 3512 646 3571 diem
660 3509 889 3581 reddiderunt,
904 3526 971 3570 non
994 3514 1105 3569 temen

93 3591 165 3650 sine
195 3590 298 3667 ipsius
329 3592 539 3667 philosophiae
580 3591 790 3652 detrimento:
833 3591 909 3667 quia
954 3594 1104 3649 auctores

95 3674 172 3729 tunc
193 3669 455 3733 emendatiorem
469 3671 686 3732 litteraturam
706 3668 776 3731 fere
795 3672 892 3731 unice
915 3670 1105 3745 querebant
