2642 4250
843 248 852 279 i

500 312 603 353 enrici
626 285 799 355 enutriris.

179 421 213 480 2⁰
228 418 312 480 Finis
327 419 460 481 ultimus
475 437 573 482 verus
588 425 638 481 est
652 422 890 494 velootorolls,
903 423 956 482 vel
967 429 1159 497 superocto-

138 499 223 560 rolr‘s
237 519 247 558 :
263 501 419 560 naturalis
437 501 569 578 quando
585 502 684 563 homo
701 517 775 562 cum
796 503 873 563 solis
893 508 1017 563 nature>
1036 504 1160 564 viribus

139 594 218 638 eum
232 580 366 656 assequi
387 587 511 656 potest3
534 582 806 658 supernaturalis,
828 583 856 642 si
874 585 1005 643 nonnisi
1024 584 1161 661 speciali

136 659 200 718 Dei
214 660 332 720 auxilio
351 666 572 738 comparatur.

135 789 189 850 96.
210 823 250 831 -
271 791 379 850 Tussis
399 792 421 850 l.
442 793 544 850 Homo
558 792 652 850 tobel
672 792 816 867 aliquem
834 792 933 868 (loom
950 791 1115 864 ultionum,
1129 764 1160 854 cl

178 871 310 946 quidem
323 871 467 934 unicum.

181 1003 346 1063 Probatur
354 1005 466 1078 primo
475 1020 568 1080 pore.
586 1004 617 1064 Si
633 1004 742 1064 nullus
761 1008 852 1064 esset
865 1002 938 1064 finis
951 1005 1087 1064 ultimus
1101 1020 1158 1063 ac-

140 1079 268 1142 tionum
286 1084 515 1156 humanarum,
534 1083 603 1159 jem
622 1087 655 1142 in
674 1082 794 1143 finibus
813 1085 945 1143 intentis
966 1085 1006 1143 ab
1026 1085 1158 1144 homine

138 1161 276 1223 daretur
289 1179 465 1238 processus
479 1162 512 1221 in
527 1161 700 1238 infinitum,
717 1167 840 1241 quippe
856 1180 930 1224 cum
945 1179 1078 1239 semper
1092 1163 1159 1224 alli-

138 1258 292 1302 ceremur
315 1260 376 1320 per
399 1257 502 1304 novos
532 1241 614 1303 fines
639 1244 682 1304 ad
707 1242 924 1319 operandum,
950 1260 989 1304 ac
1018 1242 1158 1320 proinde

136 1337 273 1398 semper
286 1339 502 1386 moveremur.
519 1323 617 1400 Atqui
632 1324 664 1383 id
681 1329 731 1383 est
747 1329 860 1384 contra
875 1325 1037 1384 rationem
1052 1330 1085 1384 et
1100 1338 1156 1382 ex·

136 1403 333 1470 perientiam
356 1420 363 1461 :
388 1407 417 1464 l⁰
436 1403 552 1464 Contra
573 1405 745 1472 rollonem,
763 1405 841 1478 quia
855 1402 897 1463 ad
916 1404 1008 1462 illum
1022 1419 1157 1478 proces·

135 1497 211 1541 suin
230 1481 393 1542 inlinitum
409 1485 632 1560 requireretur
651 1489 686 1542 ut
707 1483 806 1542 homo
827 1482 909 1543 lines
931 1497 1066 1558 numero
1089 1479 1158 1542 infi-

134 1565 224 1621 nitos
264 1570 454 1639 cognoscet,
497 1563 591 1623 aliter
627 1578 695 1622 non
736 1568 851 1638 posset
887 1579 1019 1640 semper
1056 1578 1158 1622 unum

133 1640 237 1701 finem
253 1642 296 1701 ad
315 1643 413 1702 alium
433 1641 599 1709 ordinere;
617 1641 678 1702 sed
697 1643 886 1703 tenuissime
908 1643 1047 1702 hominis
1062 1657 1158 1701 mens

134 1722 253 1797 nequit
270 1720 355 1781 fines
373 1737 511 1782 numero
532 1719 674 1782 infinitos
709 1739 928 1799 cognoscere;
953 1738 1044 1799 ergo.
1079 1722 1158 1782 Prae-

133 1807 228 1860 terea
254 1805 320 1860 tam
344 1806 508 1879 repugnet
537 1817 713 1878 processus
744 1804 777 1861 in
801 1801 962 1863 infinitum
987 1802 1019 1860 in
1050 1804 1158 1863 causis

132 1878 288 1940 finalibus
312 1897 408 1957 quem
429 1884 461 1941 in
483 1878 714 1952 efficientibus3
732 1881 840 1942 sedin
863 1884 969 1941 causis
990 1879 1159 1942 efficienti·

132 1960 198 2022 bus
218 1959 290 2020 talis
311 1977 485 2036 processus
501 1961 654 2037 implicem
673 1977 753 2038 ergo
773 1977 948 2037 processus
967 1956 1158 2038 hujusmodi

131 2042 167 2100 in
184 2042 291 2100 causis
306 2040 457 2102 finalibus
473 2044 523 2103 est
539 2043 637 2109 etiam
652 2051 765 2101 contra
778 2043 952 2102 rationem.
968 2043 1000 2101 2⁰
1010 2043 1065 2101 Est
1081 2057 1157 2102 con-

131 2128 181 2183 tra
203 2121 439 2260 elxpementiam
460 2138 525 2199 qun
541 2126 671 2182 constat
689 2119 779 2200 quod
799 2138 933 2199 semper
956 2126 1156 2199 quiescimus

134 2216 171 2260 in
200 2217 320 2277 eiquo.

172 2281 338 2339 Probolor
361 2281 501 2340 secundo
522 2294 615 2354 porr.
646 2281 676 2338 l⁰
700 2280 784 2339 Finis
807 2282 941 2343 ultimus
963 2286 1013 2340 est
1036 2282 1092 2355 qui
1115 2280 1157 2341 ad

130 2358 257 2418 nullum
284 2362 383 2419 ulium
403 2358 583 2428 ordinatur,
607 2358 668 2418 sed
689 2359 732 2419 ad
752 2376 852 2435 quem
875 2361 984 2420 omnia
1004 2360 1155 2420 referun-

132 2442 203 2509 tur;
222 2440 312 2515 niqui
332 2443 358 2499 si
379 2438 490 2513 plures
511 2443 625 2498 essent
643 2437 726 2498 fines
741 2440 859 2509 ultimi,
876 2442 919 2501 ad
934 2445 1085 2499 neutrum
1102 2458 1157 2501 eo-

129 2532 203 2577 rum
219 2522 329 2579 omnia
344 2518 561 2589 refer-rentum
581 2533 668 2578 unus
688 2519 882 2579 eorumdem
897 2519 1069 2581 manifesto
1088 2536 1157 2580 non

130 2595 343 2659 ordinaretur
357 2596 400 2657 ed
415 2598 526 2658 elium.
542 2600 639 2675 Ergo.
1142 2596 1144 2601 '

173 2678 203 2737 2³
219 2680 303 2739 Finis
317 2678 450 2738 ultimus
467 2678 570 2737 debet
584 2676 733 2753 perfecte
749 2680 868 2738 satiare
884 2680 1081 2755 appetitum,
1100 2695 1154 2740 se-

128 2773 190 2817 cus
213 2774 278 2817 non
304 2764 392 2818 esset
415 2758 559 2827 ultimus,
585 2773 707 2832 nempe
729 2758 888 2817 terminus
909 2758 1057 2821 omnium
1081 2776 1151 2830 mo·

128 2842 223 2896 tuum
238 2839 419 2915 appetitum
436 2853 533 2912 porro
551 2836 577 2896 si
593 2842 705 2896 essent
721 2837 840 2909 plures,
859 2842 979 2898 neuter
999 2837 1155 2914 perfecie

127 2918 266 2977 satiaret
283 2917 476 2995 appetitum,
504 2918 559 2993 qui
581 2922 694 2993 posset
710 2931 844 2992 semper
858 2918 956 2977 alium
978 2923 1152 2996 appetere.

125 2996 170 3056 Er
195 3011 227 3057 0.

167 3011 217 3138 57.
248 3108 288 3117 —
318 3074 550 3136 corollarium.
573 3076 619 3134 Ex
640 3074 724 3133 thesi
740 3075 882 3152 ejusque
904 3077 1155 3152 probationibus

125 3155 292 3234 colligitur
318 3170 457 3215 necesse
487 3154 619 3214 omnino
649 3164 781 3215 esseut
811 3157 923 3216 omnia
954 3174 1024 3233 quse
1054 3158 1152 3216 homo

126 3238 267 3310 appetit,
285 3238 421 3310 appetat
439 3234 594 3310 implicite
614 3235 668 3293 vel
683 3234 837 3309 explicite
853 3240 990 3313 propter
1005 3235 1156 3295 ultimum

124 3312 225 3375 finem
244 3314 299 3397 (l).
320 3315 479 3375 Voluntas
500 3314 585 3373 enim
607 3330 674 3373 non
694 3318 805 3389 potest
826 3322 985 3391 appetere
1008 3316 1071 3377 nisi
1092 3314 1153 3376 bo·

126 3409 234 3455 nuni:
257 3410 354 3471 porro
379 3395 501 3454 bonum
529 3398 579 3452 est
603 3394 656 3452 vel
678 3392 821 3470 primum
844 3403 878 3453 ei
899 3394 1097 3470 perfectum,
1121 3399 1155 3455 et

126 3476 207 3534 tunc
222 3472 310 3533 idem
328 3482 377 3533 est
391 3490 429 3533 ac
443 3471 515 3532 finis
531 3472 683 3543 ultimus;
700 3474 753 3533 vel
770 3479 820 3532 esi
835 3474 961 3533 bonum
976 3474 1152 3551 imperfec-

124 3558 206 3627 tum,
221 3554 423 3627 inchoatum,
450 3558 483 3613 et
495 3556 572 3611 tunc
586 3568 648 3629 per
663 3569 699 3613 se
713 3552 887 3613 ordinatur
897 3556 940 3615 ed
951 3554 1151 3631 perfectum.

112 3727 116 3733 -
141 3697 191 3761 ,(1)
206 3700 236 3750 S.
253 3698 326 3749 Th.l
351 3699 393 3761 2⁸³,
406 3714 432 3764 q.
447 3697 521 3761 eia.
537 3713 572 3747 m.
639 3720 645 3731 ·
