2642 4250
416 198 530 260 102
664 191 667 201 ⁴
1016 217 1378 264 anvxanmu
1418 220 1825 264 PHILOSOPHIAE.

415 357 549 420 187.
576 393 690 498 ι-ι
714 359 927 418 Tarsis
1000 358 1100 419 ΙΙΙ.
1171 360 1551 420 Domim‘um
1629 360 1995 424 haereditate
2076 356 2448 420 transmitti

483 454 572 512 po
603 454 665 498 es
701 482 715 496 .

487 567 816 629 Probatur
859 570 938 630 1⁰.
985 567 1229 642 Potest,
1278 573 1346 630 et
1392 569 1663 648 quidem
1696 570 1850 649 jure
1890 573 2156 640 naturae,
2217 571 2440 630 trans-

411 648 574 709 mitti
617 664 740 725 per
779 652 1240 710 testamentum.
1296 649 1648 728 Legitimus
1693 653 1867 711 enim
1912 664 2258 725 possessor
2320 648 2449 708 ha-

411 728 528 789 bet
569 730 967 805 potestatem
1010 727 1374 804 perfectam
1420 729 1805 807 disponendi
1850 726 2014 809 (182)
2055 745 2131 789 ac
2160 726 2452 806 proinde

415 807 770 881 alienandi,
848 805 1233 872 destruendi
1289 813 1355 870 et
1410 826 1447 870 a
1490 808 1739 871 fortiori
1783 807 2101 880 donandi;
2149 809 2331 886 atqui
2371 805 2452 867 id

413 888 602 967 ,quod
669 903 1016 962 possessor
1083 892 1219 950 toto
1287 890 1429 950 vitae
1498 905 1629 950 suae
1674 905 1870 950 cursu
1911 892 2151 965 potest,
2199 886 2455 964 poterit

420 968 615 1029 etiam
658 967 723 1026 in
764 969 907 1044 ipso
952 968 1179 1029 mortis
1223 969 1493 1030 articulo
1529 988 1544 1030 ε
1593 973 1694 1030 est
1722 970 1892 1030 enim
1922 967 2103 1029 idem
2134 967 2451 1028 dominus

421 1045 794 1124 eademque
862 1047 1166 1109 voluntas
1236 1047 1551 1124 donandi,
1634 1065 1774 1126 quae
1840 1063 1976 1109 non
2038 1046 2110 1108 fit
2182 1044 2453 1109 diversa

419 1129 689 1206 propter
727 1129 1085 1188 instantem
1127 1135 1428 1190 mortem.

502 1206 675 1268 Licet
743 1205 1004 1268 donatio
1051 1206 1157 1268 illa
1205 1209 1516 1270 effectum
1558 1222 1691 1269 non
1734 1207 2039 1268 sortiatur
2076 1206 2204 1267 nisi
2248 1220 2447 1268 acce-

421 1285 623 1347 dente
665 1291 899 1356 morte,
947 1290 1168 1348 tamen
1211 1287 1278 1349 id
1321 1303 1458 1349 non
1500 1285 1701 1349 officit
1740 1286 2051 1348 validitati
2093 1292 2283 1348 actus
2326 1287 2452 1347 tri-

417 1364 700 1436 buendi;
750 1366 920 1425 sicut
961 1366 1136 1428 enim
1179 1367 1263 1429 ad
1308 1367 1732 1429 donationem
1774 1369 1947 1428 inter
1972 1368 2175 1439 viVOS,
2207 1365 2448 1429 volun·

417 1451 515 1506 tas
561 1445 966 1521 acceptantis
997 1445 1316 1509 sufficitur
1383 1449 1705 1510 voluntati
1750 1444 1983 1519 dantis,
2036 1463 2177 1524 quae
2221 1449 2451 1524 potest

417 1527 632 1586 statim
678 1523 964 1585 deficere
1010 1528 1090 1588 ab
1134 1527 1245 1588 illa
1286 1527 1621 1599 volitione‚
1666 1529 1754 1588 ita
1798 1531 1864 1588 et
1902 1527 2207 1587 voluntas
2249 1527 2451 1605 lega-

326 1651 332 1656 .
415 1607 560 1666 tarii
603 1598 920 1664 sufficitur
957 1605 1267 1669 voluntati
1314 1605 1638 1669 testatoris
1682 1609 1895 1667 statim
1938 1622 2013 1666 ac
2054 1607 2189 1666 haec
2219 1606 2455 1668 volun-

420 1691 520 1747 tas
565 1681 806 1754 deficit,
853 1690 967 1746 aut
1007 1686 1223 1762 potius
1264 1687 1687 1748 immutabilis
1735 1683 2034 1747 efficitur.

495 1765 564 1824 20
593 1764 727 1826 Filii
750 1763 947 1823 etiam
967 1767 1336 1828 succedunt
1355 1767 1423 1827 in
1446 1767 1621 1826 bona
1643 1769 1992 1842 parentum
2012 1781 2096 1824 ex
2127 1765 2454 1825 intestato,

428 1867 455 1898 ι
478 1845 725 1904 Verum
757 1846 824 1903 et
854 1847 1148 1908 naturale
1182 1847 1585 1908 elementum
1631 1848 2017 1923 organicum
2035 1845 2308 1904 humani
2330 1857 2455 1922 ge·

421 1924 596 1984 neris
621 1939 754 1986 non
782 1927 917 1982 tam
941 1931 1040 1986 est
1062 1927 1256 1989 homo
1288 1925 1667 1988 individuus
1701 1942 1900 2003 quam
1928 1925 2147 2000 potius
2175 1921 2453 1995 familia,

427 2004 616 2082 cujus
660 2005 853 2080 pater
896 2009 997 2066 est
1029 2012 1225 2082 caput
1270 2011 1337 2066 et
1378 2007 1676 2083 provisor
1719 2012 1784 2067 et
1822 2009 2061 2065 rector.
2110 2003 2279 2083 Ergo
2335 2003 2459 2081 jus

427 2083 846 2161 proprietatis
883 2085 974 2145 sic
1018 2087 1186 2163 patri
1228 2103 1264 2147 a
1309 2091 1541 2148 natura
1590 2084 1993 2159 conceditur,
2051 2086 2127 2144 ut
2170 2099 2248 2145 eo
2315 2096 2459 2143 non

433 2168 565 2225 tam
609 2164 734 2226 sibi
778 2179 977 2241 quam
1017 2169 1285 2246 integrae
1328 2166 1581 2227 familiae
1603 2166 1979 2243 prospiciat.
2026 2162 2186 2224 Cum
2226 2164 2456 2241 igitur,

430 2247 617 2322 patre
663 2251 1007 2322 pereunte,
1052 2244 1295 2309 familia
1338 2250 1648 2325 supersit,
1694 2248 2001 2322 superest
2066 2242 2456 2324 subjectum

429 2325 612 2465 guod
647 2325 805 2484 jure(
847 2326 1002 2481 )illo,
1080 2326 1531 2390 determinatis
1598 2326 1800 2388 rebus
1868 2324 2223 2402 applicatO,
2294 2337 2454 2401 per·

490 2406 663 2466 uitur
707 2430 732 2459 1·
814 2412 841 2473 l
877 2451 894 2466 .

1158 2522 1588 2587 ARTICULUS
1642 2524 1714 2583 11.

433 2659 526 2719 De
563 2658 794 2733 officiis
851 2674 936 2719 ex
970 2664 1166 2735 pacto
1209 2658 1664 2731 enascentibzw,
1709 2672 1853 2717 seu·
1868 2658 1943 2717 de
1996 2652 2460 2717 contractibus.

519 2788 651 2851 188.
698 2824 774 2833 --
805 2789 1180 2854 Dominium
1221 2792 1548 2867 importat,
1593 2787 1690 2848 uti
1734 2786 2039 2859 diximuS,
2076 2784 2459 2846 facultatem

434 2867 637 2930 libere
727 2868 1121 2946 disponendi
1194 2869 1277 2930 de
1348 2885 1419 2928 re
1490 2868 1709 2945 aliqua
1766 2871 2077 2946 tanquam
2147 2881 2294 2935 sua3
2374 2878 2461 2923 ex

435 2950 642 3009 altera
682 2957 870 3026 parte
909 2949 1191 3010 officium
1238 2947 1551 3027 diligendi
1604 2949 1970 3023 proximum
2031 2945 2305 3020 impellit
2368 2942 2458 3003 ad

435 3026 783 3091 facultates
825 3046 976 3090 suas
1020 3028 1429 3091 adhibendas
1459 3027 1526 3087 in
1554 3025 1841 3088 favorem
1888 3026 2162 3085 aliorum
2216 3038 2341 3085 seu
2369 3021 2459 3083 ad

436 3116 727 3170 mutuam
794 3111 1114 3171 bonorum
1183 3104 1790 3187 permutationem3'
1836 3105 1991 3167 inde
2061 3107 2465 3180 enascuntur

437 3195 812 3251 contractus.

883 3294 923 3343 I.
961 3294 1038 3343 De
1063 3296 1248 3342 natura
1280 3294 1333 3341 et
1362 3289 1608 3340 varietate
1637 3292 2013 3339 contractuum.

519 3393 901 3455 Contractus
947 3388 1201 3452 definiri
1243 3389 1415 3453 solet
1461 3409 1477 3450 ε
1550 3392 1845 3449 Duorum
1897 3386 1999 3446 vel
2042 3384 2339 3461 plurium
2390 3384 2463 3443 in

440 3475 614 3535 idem
633 3473 956 3547 placitum
982 3488 1315 3535 consensus
1343 3470 1559 3547 aliquo
1588 3470 1770 3544 siquo
1793 3467 2083 3528 sensibili
2096 3480 2461 3542 expressus.

501 3604 572 3669 (1)
594 3604 658 3653 P.
686 3601 999 3664 Libet-stote,
1028 3602 1118 3651 Jus
1145 3600 1258 3653 ind.
1320 3616 1369 3649 c.
1398 3600 1445 3650 4.
