2642 4250
462 231 565 275 ermon
587 229 760 275 cruentus,
1081 214 1121 275 35

7 385 12 396 -
104 347 177 406 Lex
191 343 297 405 fertur
319 359 378 420 pro
404 346 532 406 casibus
547 343 734 416 ordinariis,
751 348 784 404 et
797 343 874 404 ideo
890 343 923 404 bi
944 358 1041 404 casus
1058 361 1121 422 per
1168 357 1172 362 ’

101 426 208 485 verba
222 425 305 504 legis
319 426 523 502 regulantur.
540 423 606 484 Sed
615 423 818 500 quandoque
832 428 1010 484 occurrunt
1024 441 1120 487 casus

100 505 227 565 insoliti
241 506 276 564 in
290 505 410 581 quibus
425 505 531 566 littera
545 504 641 583 legis,
660 505 687 562 si
705 509 901 573 servaretur,
923 503 988 563 iret
1006 511 1120 567 contra

100 585 231 646 bonum
252 599 438 656 commune,
460 581 550 662 quod
570 587 621 644 est
637 581 711 643 finis
730 584 826 662 legis,
850 589 882 643 et
895 582 930 642 id
946 583 1036 659 quod
1051 587 1118 661 pri-

100 667 207 724 mario
222 665 293 725 vult
306 665 473 742 legislator
490 684 497 724 :
514 665 589 724 hinc
610 663 761 740 superior
780 663 927 742 quaedam
941 663 1080 740 justitia,
1100 683 1120 726 a

102 743 228 804 Graecis
244 767 369 802 επιεικεικ
394 743 505 823 (supra
524 743 708 822 justitiam),
736 743 883 804 alatinis
906 744 1040 819 aequitas
1063 760 1120 808 vo·

102 831 189 896 cata,
217 823 414 884 determinat
442 823 522 900 quid
551 829 629 884 tuno
653 823 694 882 sit
713 838 841 901 aequum
870 823 1001 897 operari
1023 823 1120 901 juxta

101 903 302 981 legislatoris
320 903 553 973 intentionem
578 893 644 962 h‘aec
669 905 800 979 species
812 901 946 980 justitia
971 903 1122 983 dirigitur

101 999 165 1059 per
191 999 347 1061 gnomen.
375 985 409 1042 ln
433 983 650 1060 applicatione
675 983 840 1057 insignem
864 981 1120 1062 evidentemque

103 1079 242 1123 causam
256 1065 367 1140 exigit.
387 1064 432 1122 Ex
451 1067 568 1122 natura
587 1061 725 1140 hujusce
744 1063 1022 1137 interpretationis
1041 1067 1121 1126 satis

102 1149 245 1218 apparet
257 1146 421 1202 rationem
435 1141 513 1201 boni
528 1142 661 1218 publici,
677 1158 744 1202 non
764 1146 875 1202 autem
895 1143 1023 1218 privati,
1046 1161 1121 1207 esse

100 1224 255 1300 regulam
271 1222 498 1298 exemptionis
726 1240 729 1249 ·

143 1304 178 1362 3’
203 1301 361 1362 Dividitur
390 1302 423 1362 in
447 1301 711 1360 commatettoem
740 1304 774 1360 et
801 1302 1041 1363 distributivam
1068 1303 1117 1384 (ll,

101 1381 178 1460 445)
200 1400 206 1438 :
229 1384 459 1442 commutatico
478 1381 633 1456 importat
650 1386 687 1440 ut
707 1380 799 1440 alteri
817 1381 978 1442 reddatur
993 1384 1120 1460 ‘aequale

101 1478 165 1537 pro
182 1462 306 1537 aequali.
324 1463 378 1522 Est
392 1463 559 1540 generalis
574 1461 707 1537 quando
723 1476 866 1536 persona
879 1463 1020 1537 publica,
1040 1470 1121 1542 puta

98 1539 220 1620 juder,
251 1541 401 1602 decernit
429 1539 639 1601 reddendum
669 1556 741 1600 esse
771 1541 863 1600 alteri
887 1543 1025 1618 aequale
1055 1557 1118 1621 'pro

102 1621 237 1697 aequali3
268 1625 317 1680 est
335 1620 463 1698 justitia
486 1620 701 1696 particularis,
732 1621 864 1696 quando
893 1623 1124 1702 unusquisque

102 1701 252 1777 privatus
266 1699 377 1762 reddit
391 1700 587 1776 equivalens
603 1705 753 1776 accepto,
769 1705 849 1777 puta
864 1703 897 1760 in
917 1703 1122 1770 venditione,

105 1781 277 1855 emptione
295 1801 302 1840 :
319 1781 537 1857 aequalitatem
551 1781 663 1856 itaque
678 1790 787 1840 servat
803 1781 837 1839 in
859 1785 1126 1846 commutationi-

103 1860 170 1921 bus
186 1863 219 1918 et
234 1860 468 1920 contractibus.
490 1859 699 1919 Distributtca
717 1858 853 1934 respicit
873 1866 1124 1937 proportionem

103 1940 302 2000 meritorum
325 1957 332 1998 ε
356 1944 405 1999 est
424 1939 523 1998 etiarn
541 1939 643 2000 virtus
664 1938 829 2016 generalis
847 1941 901 1999 vel
921 1944 1125 2016 particularis

103 2033 205 2096 prout
223 2017 450 2079 consideratur
464 2019 496 2078 in
511 2034 654 2095 persona
669 2019 813 2095 publica,
830 2035 894 2095 qua
912 2023 1044 2096 publica
1060 2027 1123 2098 est,

103 2099 161 2160 vel
175 2100 209 2159 in
222 2115 427 2177 unoquoque
439 2101 574 2175 privato.
585 2099 635 2161 Ad
651 2099 917 2160 commutativam
928 2107 962 2161 et
974 2101 1126 2165 distribu-

105 2180 206 2241 tivam
220 2183 395 2239 revocatur
408 2182 604 2239 otndtcotr‘ce
619 2200 629 2239 .·
644 2183 695 2238 est
709 2194 785 2255 pars
796 2180 929 2256 justitia
946 2188 1125 2244 commuta-

104 2260 176 2321 tivae
197 2257 248 2337 (ΙΙ,
269 2257 351 2336 445),
375 2258 507 2337 quando
529 2257 676 2331 vindicta
694 2259 826 2334 publica
846 2275 905 2335 pro
926 2263 981 2323 tali
1002 2262 1124 2325 delicto

106 2354 267 2415 expresse
282 2340 334 2399 vel
352 2341 449 2400 tacite
466 2337 684 2398 determinata
696 2336 759 2397 fuit
777 2340 889 2417 alege
908 2358 915 2398 τ
939 2358 970 2402 ν.
991 2358 1025 2421 g.
1050 2360 1126 2403 cum

104 2424 242 2495 pactum
258 2419 356 2478 initur
378 2418 584 2495 erepublica
604 2434 680 2477 cum
695 2417 865 2496 judicibus
886 2418 927 2480 de
948 2424 1127 2497 puniendis

103 2499 182 2571 reis,
200 2501 330 2559 servata
345 2499 556 2575 proportione
580 2496 622 2557 ad
643 2497 774 2566 delicta,
791 2499 923 2577 judices
944 2503 1126 2581 exjustitia

106 2580 342 2639 commutativa
361 2582 517 2637 tenentur
542 2575 584 2637 ad
608 2582 721 2638 sontes
745 2578 792 2638 sic
816 2579 1013 2655 puniendos.
1040 2584 1127 2643 Dum

105 2672 208 2735 poena
223 2658 421 2735 relinquitur
433 2656 476 2718 ad
498 2657 667 2718 arbitrium
682 2656 816 2736 judicis,
836 2659 980 2721 vindicta
999 2669 1129 2739 spectat

106 2738 149 2799 ad
165 2738 329 2817 justitiam
350 2736 599 2799 distributivam.
620 2733 714 2797 Idem
735 2737 913 2800 dicendum
937 2740 979 2802 de
995 2741 1126 2820 justitia

105 2819 362 2878 remunerativo.

145 2898 197 2958 63.
220 2929 260 2939 —
281 2900 326 2957 De
341 2896 492 2973 pertibus
507 2896 750 2971 potenttatteus,
771 2912 832 2958 seu
852 2898 894 2959 de
916 2899 1126 2969 inferioribus

105 2978 256 3052 partibus
271 2992 310 3036 ac
324 2976 425 3037 veluti
443 2976 619 3050 speciebus
635 2976 777 3054 justitiae.
794 2980 980 3052 -Justitia
992 2988 1029 3044 ut
1044 3002 1124 3046 con-

106 3060 170 3117 stat
187 3072 228 3116 ex
244 3054 350 3129 dictis,
364 3060 414 3115 est
427 3056 527 3117 virtus
538 3056 751 3132 queinclinat
767 3056 809 3121 ad
818 3057 874 3136 jus
890 3076 988 3121 suum
1001 3066 1126 3130 unicui·

106 3152 173 3212 que
188 3134 411 3197 reddendum.
426 3136 523 3195 Porro
539 3137 592 3196 ille
609 3152 709 3213 quem
723 3139 857 3213 respicit
863 3139 999 3218 justitia,
1015 3151 1127 3221 potest

106 3232 182 3277 esse
195 3216 251 3277 vel
265 3216 355 3276 Deus
369 3216 452 3292 ipse,
469 3216 522 3276 vel
535 3215 698 3289 homines,
715 3216 769 3278 vel
783 3218 882 3279 etiarn
902 3222 990 3282 Deus
1011 3229 1045 3284 et
1060 3226 1120 3285 ho-

104 3296 213 3357 mines
228 3296 338 3356 simui.

148 3378 180 3437 1⁰
193 3372 333 3446 iustitia,
358 3378 457 3451 prout
475 3389 536 3435 nos
557 3374 693 3435 inclinat
711 3374 754 3436 ad
772 3375 982 3440 reddendum
1000 3384 1070 3445 Deo
1089 3385 1124 3447 id

107 3455 198 3533 quod
212 3456 260 3515 illi
276 3454 449 3524 debemus
467 3454 585 3515 dicitur
599 3454 727 3529 retento,
752 3473 822 3533 quae
844 3462 894 3518 est
911 3460 964 3520 vel
982 3463 1121 3539 interna,

106 3538 134 3597 si
148 3538 183 3595 in
197 3537 276 3597 solis
292 3537 448 3611 potentiis
462 3535 598 3595 internis
614 3534 718 3607 sistet,
736 3540 769 3595 et
784 3541 861 3596 tunc
884 3536 1002 3601 dicitur
1023 3544 1123 3605 animi

105 3616 247 3690 devotio;
263 3615 317 3677 vel
331 3619 477 3687 eceterae,
495 3613 573 3674 dum
588 3619 723 3675 externo
742 3615 887 3693 corporis
901 3626 1001 3697 gestu
1014 3628 1119 3687 mani·
