2642 4250
183 229 244 289 1821
478 245 656 287 ssavnmuu
679 243 880 287 ruinosormai

181 359 416 430 ecclesiastica,
455 357 518 418 nisi
547 374 622 435 per
653 357 812 434 quasdam
845 358 1089 429 conventiones,
1135 371 1200 418 seu

179 439 314 518 publica
334 436 473 509 foedera,
498 453 568 515 quae
589 440 785 499 concordata
807 439 965 514 appellari
987 439 1104 506 solent.

119 548 121 551 ·
219 519 363 580 Ecclesia
390 520 483 579 enim
513 517 627 577 maluit
657 517 859 596 principibus
891 518 1047 595 delegare
1074 521 1201 578 exerci-

180 598 259 658 tium
310 596 526 675 quorumdam
557 597 692 675 ,Jurium
740 599 1048 668 ecclesiasticorum,
1098 613 1200 675 quarn

180 679 347 738 sinerent
376 679 439 754 ipsi
469 679 602 754 proprio
625 681 717 738 motu
739 693 774 738 ac
795 679 956 739 violenter
990 695 1027 738 ea
1048 677 1108 738 sibi
1135 680 1203 740 vin-

182 757 350 830 dicarent,
364 774 403 819 ac
425 758 548 836 injuste
581 756 780 829 detinerent,
816 774 877 818 seu
898 758 1064 833 principes
1084 757 1205 817 maluit

178 838 302 907 habere
334 843 492 915 tanquam
524 835 733 898 administros
764 855 864 915 quam
895 842 933 898 ut
962 838 1086 898 hostes.
1114 838 1203 914 Ergo

86 930 87 935 ’
182 917 380 978 concordata
394 933 461 978 non
483 918 739 990 suntabsolutae,
757 918 818 978 sed
831 923 955 979 tantum
971 917 1201 996 hypotheticae,

179 999 387 1058 necessitatis
407 1000 441 1058 in
461 997 617 1057 Ecclesia.
1168 1057 1172 1062 ,

220 1078 290 1138 308.
314 1111 352 1120 -
373 1079 396 1136 l.
420 1081 465 1136 De
485 1082 607 1136 natura
632 1079 909 1139 concordatorum.
937 1075 1077 1137 Causam
1099 1092 1198 1138 occa·

180 1156 339 1217 sionalem
366 1155 642 1218 concordatorum
673 1157 825 1233 superius
846 1157 1094 1234 assignavimus,
1119 1171 1200 1233 quae

180 1236 214 1296 in
238 1237 345 1312 pravis
377 1235 586 1312 opinionibus
617 1253 655 1296 ac
679 1235 833 1299 doctrinis
860 1237 1060 1298 auctoritatis
1087 1237 1201 1298 eccla·

179 1315 316 1376 siasticae
337 1317 534 1377 subversivis
557 1317 796 1393 conatibusque
817 1318 887 1376 istis
909 1317 1033 1392 placitis
1056 1331 1201 1376 consen-

180 1397 284 1456 taneis
306 1397 422 1472 reponi
437 1394 548 1455 debet.
567 1397 680 1473 ltaque
704 1401 825 1458 occasio
848 1401 898 1456 est
921 1398 1053 1474 negatio
1074 1396 1204 1476 jurium

178 1475 331 1534 Ecclesia
354 1480 387 1534 et
419 1475 551 1536 ambitio
583 1477 756 1550 potestatis
789 1477 946 1552 polttlcae;
969 1477 1052 1550 dats,
1075 1477 1204 1536 utilitas

179 1555 329 1631 quaedam
359 1554 495 1618 relativa
523 1555 685 1628 Ecclesia,
708 1558 896 1616 insubrum
914 1557 1039 1633 jurium
1060 1572 1198 1632 posses-

179 1635 273 1696 sione
294 1635 499 1711 perturbatae,
524 1651 566 1694 ex
586 1639 683 1712 pacto
706 1636 900 1697 obventura.

177 1753 248 1815 309.
265 1787 302 1795 —
316 1755 424 1814 Tarsis
447 1756 479 1813 ls
495 1755 699 1814 concordata
718 1753 911 1830 pleramque
926 1769 989 1822 aaa
1011 1758 1083 1812 suat
1098 1759 1203 1829 pacta

184 1845 191 1914 j
218 1833 501 1909 syaattapmattca.

216 1950 309 2009 Nota.
332 1949 477 2008 Diximus
488 1949 693 2023 pleramque,
711 1947 788 2024 quia
810 1946 880 2007 fieri
902 1951 1011 2022 potest
1032 1951 1069 2007 ut
1089 1951 1199 2009 socie·

178 2033 228 2087 tas
260 2029 359 2089 civilis
385 2045 459 2099 rem
482 2028 624 2104 aliquam
646 2028 862 2102 temporalem
885 2031 918 2086 et
939 2028 1000 2088 sibi
1031 2031 1201 2104 propriam

180 2106 223 2167 ad
244 2108 422 2169 Ecclesiam
445 2105 633 2176 transferat:
663 2113 740 2168 tunc
768 2109 957 2179 haberetur,
988 2109 1200 2169 rationema-

178 2186 282 2259 terias,
297 2190 395 2249 'verus
411 2204 449 2247 ac
464 2187 595 2266 proprie
612 2186 718 2247 dictus
735 2193 919 2248 contractus
931 2186 1120 2249 bilateralis

215 2269 389 2329 Probatur.
423 2270 452 2328 1ο
483 2268 528 2328 Ex
558 2272 674 2328 natura
704 2268 821 2343 objecti
841 2282 902 2327 seu
929 2268 1073 2327 materias
1094 2268 1200 2346 hujus

178 2350 378 2416 contractus;
403 2347 599 2424 plerumque
631 2350 738 2425 agitur
760 2347 802 2407 de
830 2348 930 2407 rebus
952 2347 995 2407 ad
1016 2348 1200 2407 Ecclesiam

177 2428 309 2503 proprio
342 2432 376 2495 el·
405 2426 578 2505 originario
606 2426 683 2504 jure
715 2428 968 2502 pertinentibus;
1003 2428 1200 2489 exercitium

178 2507 397 2583 quorumdam
416 2507 540 2585 Jurium
561 2507 620 2567 soli
651 2506 802 2567 societati
824 2508 1050 2568 ecclesiasticae
1077 2523 1200 2583 perse

178 2588 436 2662 competentium
459 2586 547 2648 cedit
567 2601 742 2664 supremus
758 2584 906 2647 Pontifex
925 2589 1079 2663 potestati
1095 2587 1196 2661 civili,

178 2679 249 2741 quae
270 2667 467 2743 saepiuscule
488 2667 555 2727 hac
571 2668 647 2744 jura
665 2667 735 2745 jam
759 2669 934 2739 invaserat,
959 2672 991 2725 et
1012 2671 1124 2727 contra
1144 2664 1199 2728 fas

176 2748 349 2809 retinebat.
382 2749 480 2823 Atqui
509 2749 696 2806 contractus
735 2744 911 2806 bilateralis
951 2762 1017 2805 non
1052 2746 1199 2807 habetur

176 2827 238 2885 nisi
260 2828 301 2887 sit
332 2843 374 2886 ex
403 2832 544 2903 utraque
577 2830 672 2902 parte
695 2825 809 2886 datum
831 2830 863 2885 et
884 2832 1069 2901 arreptum.
1094 2828 1194 2903 Erga,

177 2920 252 2965 cum
273 2906 370 2967 unice
401 2911 516 2984 agatur
546 2905 588 2965 de
610 2911 870 2982 temperamento
894 2906 1038 2965 exercitii
1066 2905 1196 2984 jurium

175 2987 237 3045 soli
267 2986 422 3047 Ecclesiae
456 2988 726 3060 competentium,
765 2984 801 3045 fit
839 2990 876 3045 ut
907 2987 1094 3045 contractus
1124 3001 1196 3046 non

172 3066 277 3142 possit
298 3082 372 3127 esse
393 3065 580 3125 bilateralis.

183 3145 371 3210 ‚Praeterea
404 3160 458 3204 res
489 3145 685 3220 spirituales
720 3144 772 3203 vel
802 3143 1025 3219 spiritualibus
1054 3142 1194 3205 adnexae

173 3224 336 3292 ordinarie
359 3231 392 3286 et
412 3224 608 3300 regulariter
631 3224 833 3283 constituunt
856 3224 1026 3285 materiam
1052 3240 1192 3286 consor·

174 3302 341 3376 datorum;
374 3307 464 3381 atqui
496 3304 569 3363 haec
598 3305 747 3375 materia,
779 3316 855 3381 quae
886 3304 964 3363 alias
994 3319 1068 3362 cum
1091 3304 1196 3365 rebus

171 3399 262 3447 mere
299 3384 534 3461 temporalibus
578 3386 648 3444 sine
693 3383 841 3443 simoniae
872 3383 946 3443 labe
980 3398 1046 3442 non
1077 3389 1197 3459 posset

131 3486 140 3501 ··
170 3467 375 3536 commutari,
407 3462 450 3524 ad
484 3462 663 3525 Ecclesiam
693 3465 791 3523 unice
823 3466 962 3539 spectat.
994 3464 1078 3540 Ergo
1114 3479 1194 3525 con-

169 3542 305 3605 cordata
326 3557 394 3604 non
414 3548 490 3603 sunt
511 3546 606 3619 pacta
627 3542 908 3621 synallagmatica.

179 3625 384 3699 gProbatar.
416 3625 460 3684 2⁰.
476 3624 523 3684 Ex
553 3622 711 3698 qualitate
741 3622 1005 3683 contrahentium
1033 3640 1040 3683 :
1064 3618 1213 3683 foedera'
