2642 4250
245 275 304 338 tao
544 297 723 340 nnnvumuu
744 295 945 340 rrrrcosormn

235 411 378 474 rendum
397 411 518 482 incitat,
542 417 660 472 natura
690 412 846 482 humana,
871 411 1088 473 essentialiter
1112 415 1245 476 socialis

235 507 280 554 ex
297 497 410 552 mutuo
433 493 629 553 commercio
652 494 824 552 nationum
847 494 1039 553 societatem
1059 494 1253 556 internetio-

232 572 345 635 nalem
375 570 546 633 efformare
577 575 704 643 nititur,
738 571 833 650 cujus
864 571 959 650 leges
984 569 1254 635 fundamentales

232 650 421 730 suppeditat
445 650 501 725 jus
527 658 682 726 proteum.
706 650 771 710 Sed
794 650 873 728 quid
894 651 1025 727 proprie
1051 651 1254 732 intelligatur

231 749 295 812 per
307 732 365 810 jus
385 730 533 811 gentium
553 731 587 790 in
609 733 721 807 primis
744 729 913 791 declarare
936 736 1090 807 oportet:

273 813 378 873 Gentis
419 810 639 886 appellatione
686 809 806 872 eadem
840 825 925 887 saepe
960 813 1050 871 notio
1086 813 1175 874 venit
1211 830 1249 874 ac

232 891 363 952 nomine
393 888 539 959 famitiae3
572 890 632 950 sed
655 893 706 951 nic
727 906 808 950 voce
830 891 942 966 gentis
956 890 1169 968 intelligimus
1194 894 1245 954 in-

230 979 355 1050 tegram
378 971 539 1030 civitatem
560 982 616 1032 aut
637 972 805 1030 nationem
825 986 885 1029 seu
906 973 1077 1046 populum.

270 1053 327 1112 lus
353 1051 502 1127 gentium
530 1059 580 1110 est
612 1053 705 1127 quasi
727 1049 874 1110 medium
900 1051 986 1109 inter
1015 1051 1165 1111 naturale
1190 1053 1248 1130 jus

232 1131 479 1203 carlomanum
518 1129 576 1206 jus
606 1133 695 1190 enim
726 1128 872 1192 dividere
894 1131 1001 1190 solent
1020 1133 1249 1193 iurisconsulti

230 1213 354 1271 romani
376 1212 409 1269 in
438 1211 598 1280 naturale,
631 1210 781 1287 gentium
812 1213 845 1269 et
877 1211 982 1269 civile.
1007 1211 1066 1270 lus
1094 1213 1248 1273 naturate

230 1296 281 1352 est
302 1289 382 1351 illud
405 1290 495 1366 quod
509 1291 550 1349 ab
572 1293 643 1367 ipsa
660 1295 776 1350 natura
798 1289 903 1361 datur,
928 1291 1032 1361 clor'le,
1050 1293 1142 1367 quod
1165 1293 1248 1354 civili

226 1375 392 1448 potestate
426 1370 653 1441 introducitur,
695 1372 849 1444 perillum,
892 1367 983 1446 quod
1015 1373 1246 1432 communione

226 1453 375 1530 gentium
399 1451 548 1522 hahetur,
582 1456 616 1509 et
647 1466 760 1510 earum
785 1465 848 1509 usu
869 1447 1094 1509 introducitur.
1125 1449 1192 1510 Sed
1213 1455 1247 1514 in

226 1531 312 1591 illius
334 1529 445 1589 intima
478 1537 595 1589 natura
616 1527 812 1605 explicanda
832 1531 930 1591 variae
947 1533 1023 1588 sunt
1045 1533 1243 1592 sententia:

270 1612 299 1670 1⁰
326 1611 508 1685 lurlsperitl
540 1612 754 1670 communiter
786 1608 989 1687 distinguunt
1006 1609 1062 1686 jus
1095 1611 1245 1671 naturale

227 1706 247 1749 a
263 1691 339 1767 jure
370 1688 520 1766 gentium
549 1691 583 1748 in
614 1689 677 1748 hoo
711 1688 801 1766 quod
828 1690 885 1767 jus
915 1691 1062 1748 naturale
1085 1697 1134 1750 est
1158 1706 1244 1750 com-

226 1782 327 1828 mune
358 1770 461 1829 brutis
494 1771 591 1829 etiam
622 1770 856 1839 animantibus;
877 1769 935 1846 jus
955 1777 1065 1828 autem
1091 1771 1244 1846 gentium

229 1853 280 1908 est
293 1851 463 1925 proprium
476 1849 644 1928 hominum
663 1867 670 1907 ι
696 1851 740 1910 ita
762 1848 916 1910 delinitur
934 1848 968 1908 in
982 1851 1135 1909 Institutas
1147 1851 1242 1910 tusti-

228 1929 327 1990 niani.
342 1927 433 1988 Unde
439 1929 495 2005 jus
509 1929 654 2006 gentium
670 1935 758 1990 esset
767 1930 824 2008 Jus
839 1929 987 1989 naturale
999 1929 1089 2005 quod
1101 1935 1152 1989 est
1164 1947 1241 2006 pro-

227 2009 336 2084 prium
356 2008 525 2069 hominum
546 2029 553 2069 :
571 2011 630 2084 jtrs
648 2011 794 2085 pontium
815 2017 858 2070 cst
880 2025 942 2084 quo
962 2014 1069 2084 peotes
1093 2009 1244 2071 tuumne

227 2093 364 2148 utuntur
383 2087 437 2168 (l).
1096 2117 1098 2120 ·

265 2170 299 2228 2⁰
322 2168 462 2241 Quidam
484 2169 629 2247 theologi
648 2170 706 2248 Jus
730 2170 881 2247 gentium
899 2185 919 2229 a
935 2169 1074 2229 naturali
1099 2185 1166 2229 non
1190 2170 1243 2231 in-

226 2252 303 2325 epte
324 2249 539 2326 distinguunt,
558 2250 594 2309 in
607 2250 670 2310 hoc
685 2250 775 2327 quod
780 2250 837 2330 jus
853 2250 1002 2310 naturale
1021 2249 1090 2310 sine
1112 2248 1242 2309 discur-

225 2344 277 2401 su,
304 2328 358 2388 vel
380 2326 531 2390 facillimo
562 2330 712 2391 discursu
741 2332 927 2400 innotesctt,
946 2330 1003 2407 jus
1024 2334 1136 2389 autem
1158 2345 1243 2406 gen·

223 2407 305 2466 tium
326 2425 386 2484 per
413 2411 525 2485 plures
546 2410 710 2471 illationes
746 2416 779 2469 et
801 2408 998 2471 difficiliores
1021 2409 1242 2485 colligeretur.

224 2487 332 2563 Quare
356 2488 438 2549 illud
460 2490 516 2569 Jus
537 2492 688 2567 gentium
725 2488 978 2550 fundamentum
1014 2489 1113 2547 etiam
1139 2488 1244 2549 habe·

221 2577 272 2629 ret
306 2572 341 2629 tn
366 2577 496 2643 natura,
526 2571 603 2631 ticet
632 2572 666 2630 in
697 2588 733 2632 se
763 2587 832 2630 non
863 2570 1088 2640 constituatur,
1121 2570 1241 2630 saltem

222 2648 334 2724 quoad
354 2650 511 2710 nonnulla
532 2656 713 2727 precepta,
739 2650 809 2710 sine
830 2648 940 2726 aliqua
966 2648 1241 2710 determinatione

220 2727 370 2803 positiva.

262 2808 294 2867 3⁰
323 2809 394 2869 Non
427 2807 547 2870 desunt
577 2813 673 2869 etiam
705 2812 858 2869 auctores
890 2810 947 2885 qul
977 2808 1152 2885 opinantur
1180 2808 1240 2886 jus

219 2889 371 2965 gentium
391 2891 488 2964 unice
508 2906 527 2949 a
549 2889 716 2951 voluntate
738 2890 947 2966 populorum,
974 2888 1073 2947 rebus
1100 2888 1238 2967 exigen-

220 2967 319 3038 tibus,
352 2968 531 3029 derivatum
562 2985 648 3029 esse.
680 2972 774 3030 Esset
801 2985 880 3046 ergo
899 2969 954 3047 jus
976 2968 1029 3029 vel
1061 2972 1240 3029 consuetu·

220 3046 394 3121 dinarium,
417 3064 478 3109 seu
498 3066 562 3109 usu
577 3049 730 3113 diuturno
753 3049 899 3109 omnium
919 3049 973 3108 vel
993 3046 1062 3108 fere
1088 3050 1239 3109 omnium

217 3132 367 3207 gentium
400 3129 620 3190 introductum
656 3128 710 3208 (2),
743 3131 797 3190 vel
825 3130 1004 3205 partilium,
1037 3145 1098 3189 seu
1131 3129 1240 3205 pactis

218 3210 367 3286 gentium
390 3210 493 3269 tacitis
524 3210 687 3279 innixum;
714 3216 958 3285 consequenter
979 3224 1045 3270 non
1073 3212 1161 3269 esset
1177 3208 1238 3287 jus

219 3304 262 3349 ex
281 3290 353 3365 ipsa
374 3296 489 3349 natura
512 3304 700 3367 emergens,
718 3288 779 3349 sed
801 3290 910 3366 potius
933 3287 1081 3367 quaedam
1103 3288 1237 3364 species

214 3369 299 3446 juris
329 3369 469 3444 positivi.
505 3370 598 3429 «lus
628 3368 787 3447 gentium,
821 3368 865 3430 ait
898 3369 1028 3429 Grotius
1050 3370 1103 3447 (3),
1126 3368 1161 3429 id
1185 3373 1238 3430 est

248 3498 282 3561 (1)
290 3473 360 3549 lust.
369 3500 413 3549 lib.
424 3516 441 3549 1.

250 3597 284 3658 (2)
299 3598 403 3658 Suarez,
418 3599 449 3646 de
462 3601 522 3664 Leg.
537 3600 558 3650 l.
574 3615 604 3659 n,
620 3615 676 3663 cap.
690 3598 728 3660 19,
740 3615 766 3648 n.
777 3600 832 3649 3-6.

245 3700 285 3761 (3)
299 3700 337 3749 De
348 3700 407 3764 jure
420 3701 480 3750 belli
493 3706 519 3749 et
531 3705 610 3766 paors,
624 3708 644 3751 t.
659 3703 680 3763 l,
695 3717 717 3749 c.
734 3701 756 3763 l,
770 3716 796 3749 n.
809 3701 846 3749 ll.
946 3701 950 3711 '
