2642 4250
860 262 1064 305 mmm
1107 261 1421 306 specmus,
1978 325 1983 330 .
2068 241 2181 304 183

140 376 695 459 synallagmatica
758 375 1019 451 proprie
1083 373 1256 436 dicta
1310 390 1446 437 non
1507 379 1786 453 possunt
1841 374 1988 436 iniri
2054 373 2181 435 nisi

139 464 323 521 inter
364 457 714 518 societates
742 455 1027 533 aequales
1060 461 1125 515 et
1166 456 1247 516 ab
1278 454 1559 517 invicem
1603 454 2172 532 independentes:

143 541 217 601 si
257 537 431 598 enim
474 538 807 610 ageretur,
853 551 914 595 v.
961 550 1087 612 gr.,
1137 534 1219 595 de
1264 535 1687 597 societatibus
1728 551 2008 613 quarum
2047 554 2171 594 una

141 618 324 680 foret
364 616 548 677 alteri
591 614 973 675 naturaliter
1033 613 1482 686 subordinata,
1551 620 1726 675 certo
1793 618 2047 691 pactum
2099 618 2175 674 ιςίμ

144 695 397 760 mutuis
424 697 769 771 utriusque
789 694 1050 772 juribus
1078 694 1446 773 generatim
1476 709 1606 754 non
1653 699 1828 755 esset
1871 694 2123 772 aequali*
2163 714 2171 750 :

147 776 435 840 societas
476 776 777 852 superior
806 775 889 835 de
934 790 1052 834 suo
1100 773 1303 847 daret,
1352 772 1618 835 inferior
1657 775 1816 835 nihil
1857 781 2179 851 praestana

149 855 397 934 aliquid
442 858 793 930 acciperet.
838 853 1033 930 Atqui
1076 856 1358 914 societas
1400 854 1704 931 religiosa
1751 871 1829 914 ac.
1869 870 2179 931 superna-

154 937 381 999 turalis
426 940 491 995 et
534 936 813 994 societas
875 934 1072 995 civilis
1136 950 1267 993 non
1330 938 1483 994 sunt
1523 936 1871 996 societates
1915 950 2179 1010 prorsuis

151 1016 438 1094 aequales
484 1019 550 1075 et
580 1015 660 1074 ab
705 1015 983 1074 invicem
1035 1012 1590 1090 independenteS,
1655 1013 1983 1090 siquidem
2042 1018 2175 1074 51:1-

158 1102 265 1158 tus
310 1093 508 1156 civilis
570 1093 873 1170 religioni
931 1094 1175 1153 subest.
1240 1095 1432 1171 Ergo,
1478 1092 1601 1154 nisi
1661 1091 1827 1153 forte
1873 1098 2179 1172 agerclnr

160 1177 248 1237 de
290 1175 552 1254 objecto
617 1175 793 1232 omni
855 1188 938 1232 ex
999 1177 1183 1249 parte
1244 1175 1507 1249 proprio
1571 1172 1898 1233 societatis
1959 1174 2179 1240 civim,

152 1259 467 1332 respectu
530 1252 717 1330 cujus
776 1253 1131 1312 haberetur
1190 1258 1265 1312 ut
1335 1253 1613 1313 societas
1695 1251 2179 1330 independem.

159 1334 553 1396 concordata
601 1348 734 1392 non
778 1336 933 1392 sunt
975 1335 1348 1395 contractus
1390 1331 1782 1393 bilateraleS.

236 1414 371 1476 310.
418 1448 497 1456 -
544 1411 998 1472 Θονοίῖανίαηι.
1065 1413 1232 1489 Ergo
1282 1411 1702 1481 concordata,
1750 1409 2075 1475 ordinarie
2123 1420 2187 1470 rt

156 1495 567 1573 regulariter,
630 1492 994 1567 privilegiis
1053 1489 1552 1560 adnumeranda
1610 1497 1782 1562 sunt,
1850 1497 1916 1552 et
1965 1507 2179 1552 eorum

161 1590 351 1635 causa
398 1571 688 1633 efficiens
734 1575 833 1630 est
886 1576 1182 1631 materna
1244 1571 1543 1633 Ecclesiae
1587 1574 1797 1647 pietas
1844 1576 1906 1631 et
1957 1572 2183 1631 sollivl-

162 1654 337 1723 tud0,
407 1670 549 1730 quae
612 1649 905 1710 medium
969 1651 1460 1726 compositionis
1519 1652 1585 1710 in
1666 1655 2183 1727 temperamfflm

164 1732 449 1795 exercitii
484 1732 731 1809 jurium
773 1730 897 1791 sibi
942 1733 1456 1806 competentium
1500 1731 1809 1808 quaesivit.

237 1816 466 1890 ltaque
517 1813 797 1888 possunt
858 1807 1108 1871 definiri
1156 1808 1553 1871 concordata
1601 1828 1614 1869 ε
1663 1810 1995 1872 Solemnes
2031 1830 2187 1884 prs-2-

170 1896 364 1954 tiones
392 1895 474 1953 de
501 1890 814 1951 limitibus
856 1891 1188 1964 utriusque
1221 1892 1576 1965 potestatis,
1622 1892 1792 1950 inter
1832 1890 2191 1964 Pontiftarm

167 1974 535 2032 maoez‘mum
596 1975 650 2029 et
700 1968 924 2030 saeculi
976 1971 1310 2044 principes
1371 1971 1554 2029 editae
1588 1985 1713 2045 pro
1756 1971 2195 2039 moderamfw

167 2057 361 2113 status
422 2049 861 2125 disciplinaris
915 2049 1359 2124 peculiarium
1413 2049 1832 2110 ecclesiarum
1914 2049 2195 2122 alicujus

169 2133 348 2209 regni
384 2133 485 2191 vet
528 2131 825 2199 nationis,
863 2130 951 2189 ad
969 2145 1197 2204 pacem
1224 2132 1667 2204 reparandam
1712 2134 1770 2189 et
1808 2134 2187 2190 servandam

166 2214 328 2274 inter
366 2212 800 2272 sacerdotium
841 2213 901 2268 et
942 2209 1310 2283 imperium.

168 2334 301 2395 311.
370 2366 448 2375 —
497 2334 711 2392 Tussis
776 2330 848 2389 11.
915 2331 1011 2390 Ad
1066 2331 1459 2391 concordata
1511 2332 1634 2391 rite
1697 2330 2036 2406 valideque
2103 2334 2191 2387 isi-

242 2414 460 2473 cunda
501 2412 867 2487 requiritur
906 2410 1190 2469 materia
1233 2409 1426 2469 licita.

243 2537 429 2597 Nota.
499 2536 623 2594 Per
681 2534 1025 2593 materiam
1082 2532 1348 2597 licitam,
1414 2534 1518 2592 hic
1580 2533 2005 2610 intelligimus
2051 2551 2191 2595 ram

175 2616 360 2696 cujus
405 2614 673 2675 liberam
722 2613 1213 2691 dispositionem
1255 2613 1503 2673 habent
1547 2615 1976 2689 paciscentes

251 2696 600 2755 Probatur.
647 2694 851 2753 Nemo
896 2696 1117 2769 potest
1159 2692 1398 2767 pacisci
1443 2692 1525 2753 de
1570 2692 1822 2772 juribus
1866 2708 1997 2754 non
2042 2711 2191 2767 prn-

173 2776 349 2853 priis,
416 2779 524 2834 aut
584 2774 651 2833 in
708 2789 782 2833 se
844 2771 1366 2833 inalienabilibus
1433 2793 1446 2833 :
1510 2777 1879 2833 contractus
1939 2774 2005 2832 in
2067 2791 2195 2847 {pm

174 2858 319 2934 quis
362 2853 653 2914 traderet
693 2868 837 2912 rem
877 2845 1385 2925 inalienabilem‚
1429 2853 1812 2928 importaret
1860 2852 2191 2913 alienati-2-

172 2952 326 2997 nem
414 2937 513 2996 rei
598 2931 1049 2996 inalienabilis,
1145 2930 1326 3009 quod
1410 2932 1756 2992 manifeste
1845 2939 2195 3012 repugnat.

171 3012 387 3093 Atqui,
438 3016 728 3089 potestas
773 3011 1215 3072 ecclesiastica
1259 3011 1654 3089 quibusdam
1681 3011 1918 3072 fruitur
1939 3015 2199 3090 juribus.

174 3110 457 3174 quorum
501 3092 879 3153 exercitium
922 3091 1044 3167 ipsi
1087 3090 1209 3151 soli
1253 3092 1592 3166 competit,
1642 3100 1707 3151 et
1738 3107 1887 3169 quae
1919 3091 2195 3168 proinrlo

173 3175 442 3237 alienari
483 3175 848 3248 nequeunt,
894 3172 1028 3231 sive
1070 3168 1138 3229 in
1176 3186 1272 3243 se,
1328 3174 1466 3233 sive
1520 3170 1742 3248 quoad
1796 3172 2195 3232 exercitium.

174 3257 239 3317 Si
283 3255 460 3314 enim
505 3252 840 3331 objectum
883 3247 1254 3311 concordati
1298 3248 1760 3312 adversaretur
1809 3252 2004 3312 alicui
2042 3269 2111 3311 1:2-
2131 3271 2195 3311 m

173 3348 250 3395 ac
299 3332 565 3411 proprie
629 3329 799 3390 dicto
869 3327 1080 3390 officio
1146 3330 1477 3390 essentiali
1540 3347 1670 3408 quo
1739 3332 2199 3391 contrahem==÷÷

174 3417 327 3474 actu
370 3416 775 3481 tenerentur,
822 3410 1125 3469 nimirum
1154 3410 1208 3469 si
1234 3410 1372 3471 haec
1414 3412 1684 3471 materia
1727 3416 1879 3470 actu
1923 3411 2195 3491 conjun-

227 3498 444 3554 eretur
488 3507 638 3551 cum
678 3505 837 3551 vera
895 3489 1294 3567 proprieque
1358 3488 1529 3551 dicta
1573 3490 1999 3569 obligatione,
2047 3499 2199 3551 tuns.-

174 3509 264 3635 {e
322 3572 449 3634 hac
510 3588 583 3633 re
643 3569 983 3647 paciscens
1046 3572 1225 3630 esset
1281 3584 1438 3630 reus
1498 3568 1716 3628 violati
1788 3568 2009 3640 officii,
2087 3591 2200 3631 amu

169 3653 347 3731 juris
384 3652 743 3728 superioris
780 3650 1162 3725 imperantis
1202 3663 1243 3710 a
1283 3665 1415 3727 quo
1457 3648 1811 3727 imponitur
1851 3647 2014 3711 illud
2055 3651 2199 3711 osli—1
