2642 4250
209 269 249 328 70
518 291 698 335 enarraeruu
721 290 922 335 ruinosornra

208 402 252 461 sit
271 399 397 464 bonum
411 404 463 464 vel
484 406 614 474 malum,
641 405 761 465 dicitur
778 406 832 465 lex
855 406 1028 475 naturalis;
1051 409 1150 479 prout
1174 418 1234 478 ap·
1304 406 1305 409 ’

145 483 150 500 ’
210 481 388 558 prehendit
402 484 527 545 honum
543 493 575 546 et
596 485 758 546 deliberat
773 486 857 546 cirea
876 485 968 552 illud,
986 499 1107 544 nornen
1121 497 1232 560 gene-

210 561 314 621 ricum
344 563 567 642 intelligentiae
592 567 731 631 relinet:
756 565 901 642 denique
926 568 1024 640 prout
1041 562 1174 642 judicat
1197 563 1235 621 in

211 640 328 780 ordlnp
343 641 386 702 ad
398 647 628 721 operationem
642 646 885 721 particularem,
900 644 1017 705 dicitur
1028 644 1235 704 conscientia

213 737 304 781 more
319 737 356 781 rs.

215 845 283 905 131.
299 877 338 887 —
351 847 458 906 Tussis
474 849 510 908 ll.
528 847 728 910 Conscientia
745 851 813 908 aim
835 849 930 909 habet
947 847 1083 922 lipardi,
1104 863 1163 907 seu
1185 848 1234 905 ast

250 925 369 1001 rapula
376 928 536 1002 proxima
550 931 714 990 actionum
734 930 964 989 kananeorum.

255 1040 425 1103 Probatur.
439 1041 644 1103 Conscientia
662 1049 712 1102 est
722 1043 884 1122 judicium
901 1044 1079 1118 practicum
1093 1040 1233 1100 rationis

215 1136 280 1196 quo
298 1121 351 1180 hic
371 1126 404 1181 et
423 1137 511 1182 nune
535 1126 765 1200 cognoscimus
785 1122 949 1183 actionem
971 1138 1045 1182 esse
1064 1121 1131 1198 legi
1147 1136 1230 1179 con-

212 1203 417 1270 sentaneam,
434 1202 487 1262 vel
503 1201 770 1264 dissentaneum:
787 1203 927 1279 proinde
943 1206 993 1261 est
1006 1204 1134 1262 interna
1145 1200 1233 1277 legis

214 1282 396 1356 expressio,
412 1298 473 1341 seu
487 1283 558 1358 ipsa
582 1283 636 1342 lex
654 1292 752 1359 prout
770 1283 956 1342 immediate
975 1282 1062 1358 regit
1080 1283 1234 1341 actiones

213 1365 353 1420 nostras.
370 1362 455 1440 Ergo
477 1363 641 1433 voluntas
666 1380 736 1439 que
757 1362 963 1424 conscientiae
985 1360 1153 1421 dictamini
1174 1376 1229 1419 re·
1308 1422 1309 1435 t

211 1440 405 1514 luctaretur,
426 1443 496 1516 ipsa
510 1448 673 1519 precepta
697 1444 780 1519 legis
795 1459 812 1501 a
828 1458 865 1502 se
880 1442 1060 1502 formaliter
1075 1441 1230 1516 pelleret.

256 1521 322 1580 132.
355 1553 392 1562 —-
422 1523 654 1583 corollarium.
677 1525 762 1600 Ergo
788 1521 919 1598 quando
947 1521 1160 1589 conscientia,
1189 1535 1235 1579 ex
1309 1556 1311 1593 7

212 1599 392 1662 invincibili
412 1603 606 1678 ignorantia,
633 1601 793 1663 fallaciter
810 1601 938 1680 judicat
958 1600 1081 1671 alinuid
1105 1601 1234 1660 hones-
1309 1656 1310 1663 ,

215 1685 282 1739 tum
299 1696 384 1751 esse,
401 1680 491 1757 quod
506 1683 683 1742 honesturn
697 1700 763 1742 non
780 1687 840 1742 est.
857 1689 949 1743 actus
973 1680 1148 1740 voluntatis
1173 1679 1234 1756 qui

215 1756 391 1821 conformis
408 1765 457 1821 est
474 1761 526 1821 tali
538 1761 676 1840 judicio,
694 1767 745 1822 est
760 1763 856 1822 etiam
871 1762 1046 1829 honestus:
1070 1762 1232 1820 honestas

213 1841 303 1900 enim
332 1841 479 1902 consistit
513 1843 547 1902 in
581 1840 808 1904 conformitate
837 1857 912 1902 cum
941 1842 1057 1916 regula
1079 1857 1230 1911 morum3
1310 1884 1311 1895 a

213 1935 311 1994 porro
336 1921 535 1982 couscientia
559 1927 607 1982 est
623 1924 738 1998 regula
755 1924 902 1998 proxima
925 1921 1112 1988 voluntatis,
1133 1919 1230 1981 ideo·
1310 1926 1311 1933 ’

214 2015 279 2076 que
294 2000 446 2061 voluntas
461 2001 494 2059 in
508 2002 569 2062 hac
584 2002 759 2080 hypothesi
776 2007 866 2061 recte
881 2007 1046 2071 operatur.

256 2080 324 2141 133.
341 2115 377 2125 -
401 2083 583 2156 Qraataplea
604 2085 644 2145 stt
666 2084 878 2143 couscientia?
900 2081 1105 2144 Conscientia
1129 2079 1157 2139 1ο
1177 2093 1230 2139 ra·

213 2160 302 2221 tione
318 2160 451 2237 objecti,
470 2161 623 2224 dividitur
637 2166 669 2221 in
685 2168 807 2223 rectam
823 2168 856 2221 et
867 2162 1232 2231 erroneam,·2⁰ratione

213 2238 366 2316 subJecti,
382 2241 416 2301 in
430 2249 553 2303 certam
570 2248 603 2303 et
617 2244 764 2311 aratiam,
784 2244 818 2303 in
834 2242 1040 2317 perplexam,
1060 2239 1231 2314 scrupulo-

213 2334 286 2379 sam
305 2324 338 2381 et
362 2321 482 2395 latam;
501 2324 532 2383 3⁰
550 2324 677 2382 ratione
700 2323 820 2400 objecti
841 2319 937 2381 simul
962 2324 995 2380 et
1020 2320 1172 2400 subjecti,
1195 2321 1234 2380 in

208 2400 415 2475 prabatilem
430 2406 463 2461 et
477 2403 736 2477 inrprahalrtlcm.

256 2482 286 2539 l⁰
308 2479 508 2541 Conscientia
535 2488 585 2543 est
607 2488 709 2551 recta,
736 2481 868 2558 quando
888 2479 1016 2558 judicat
1034 2494 1153 2553 reapse
1179 2493 1232 2537 se-

214 2559 358 2620 eundum
386 2561 536 2639 regulam
564 2562 759 2637 objectivam
784 2576 926 2630 morum,
949 2574 1071 2632 nempe
1094 2557 1231 2633 quando

214 2640 454 2715 ejusjudicium
471 2641 638 2702 conforme
653 2648 700 2700 est
713 2642 834 2719 regulae
850 2646 1003 2707 externae3
1021 2638 1053 2697 id
1070 2643 1132 2706 est,
1150 2636 1232 2697 dum

213 2718 248 2779 id
264 2719 355 2793 quod
365 2721 494 2792 judicat
507 2724 631 2782 malum
646 2722 699 2781 vel
713 2723 836 2781 bonum
849 2725 899 2781 est
910 2736 1023 2779 revera
1040 2719 1165 2779 bonum
1176 2717 1232 2777 vel

214 2798 348 2859 malum.
367 2801 398 2860 Si
413 2800 505 2862 aliter
528 2802 667 2862 dictaret
686 2818 724 2861 ac
740 2801 912 2876 objectum
938 2802 988 2859 est
1008 2801 1041 2858 in
1065 2814 1114 2863 se.
1141 2795 1231 2857 dice-

213 2885 305 2940 retur
320 2896 468 2951 errauea
486 2888 518 2942 et
533 2882 665 2959 quidem
680 2881 884 2948 uiracibila'ter,
901 2881 928 2938 si
947 2882 1071 2954 posset,
1092 2879 1229 2936 latrinae·-

214 2960 324 3021 ba'lr'tcr
350 2962 377 3021 si
404 2977 471 3021 non
494 2966 608 3037 posset
633 2977 779 3036 errorem
809 2959 989 3036 depellere.
1019 2957 1230 3018 Conscientia

215 3055 352 3099 erronea
383 3058 444 3118 per
467 3058 503 3101 se
527 3058 596 3101 non
619 3044 671 3101 est
691 3040 806 3117 regula
830 3056 967 3110 morum,
989 3038 1065 3114 quia
1088 3052 1155 3097 non
1179 3039 1233 3096 est

214 3118 391 3180 conformis
405 3120 526 3199 regulae
541 3122 594 3200 obj
600 3123 708 3181 ertivae
724 3125 757 3181 et
772 3121 946 3187 absolutam
965 3124 1073 3179 lamen
1090 3116 1231 3177 invinci-

213 3198 325 3261 biliter
339 3216 477 3261 erronea
503 3207 552 3262 est
577 3200 703 3275 regula,
730 3200 792 3260 sed
820 3217 880 3275 per
904 3200 1050 3259 accr‘daas
1071 3194 1170 3275 (leth
1198 3197 1232 3255 et

214 3294 331 3339 omnes
348 3295 462 3351 cause,
480 3285 631 3357 superius
657 3286 853 3341 enumerate
868 3279 903 3357 (Ι,
918 3280 978 3339 250
994 3276 1081 3346 etc),
1109 3276 1231 3335 erroris

214 3362 250 3518 (eg
263 3361 466 3517 igpmmiaej'
482 3367 559 3422 sunt
575 3364 673 3422 eliam
689 3359 847 3437 principia
863 3360 1068 3420 conscientiae
1084 3372 1231 3418 erronea

253 3453 295 3498 on
313 3486 320 3499 .
339 3440 388 3505 itt,
406 3441 469 3501 20.

224 3543 226 3549 ¹
248 3520 287 3579 ‘2⁰
307 3518 431 3581 Dicitur
446 3524 545 3589 certa,
563 3519 697 3599 quando
714 3517 875 3597 judicium
890 3536 984 3579 suum
1001 3514 1064 3576 fert
1076 3517 1148 3575 sine
1162 3513 1232 3574 ulla

212 3594 389 3661 formidine
410 3603 542 3670 erroris3
561 3602 587 3660 si
604 3617 644 3660 ex
660 3599 791 3661 diverso
807 3616 868 3660 seu
883 3597 1034 3675 opposito
1052 3595 1230 3657 dictamine

100 3710 101 3715 κ
135 3756 138 3761 y
212 3680 258 3740 ita
272 3695 433 3756 suspensa
449 3690 480 3740 et
494 3678 657 3741 fluctuans
674 3677 869 3752 efficeretur,
886 3684 921 3740 ut
935 3682 969 3742 in
982 3681 1132 3737 neutram
1152 3690 1228 3752 par·
