2642 4250
245 249 283 309 98
551 264 731 310 saeviamus
750 266 953 312 ruinosornm

284 381 355 443 Hac
371 377 592 457 apprehensio
613 379 778 442 honorum
801 383 835 440 et
857 379 1045 460 conjunctio
1060 377 1097 442 fit
1115 380 1259 440 maximo

243 476 305 540 per
327 463 421 521 actus
434 459 622 520 intellectus
638 461 673 518 et
687 459 879 533 voluntatis;
902 461 973 522 sola
986 463 1103 520 natura
1117 463 1259 521 rationa-
1282 505 1285 510 .

243 540 282 602 lis
312 555 386 602 esse
416 541 527 616 potest
557 537 748 617 subjeetum
771 538 854 617 juris
885 553 923 599 ac
955 539 1116 600 dominii:
1140 544 1259 601 natura

172 687 174 693 ,
245 619 332 682 enim
352 617 545 681 irrationalis
573 620 691 696 nequit
716 633 920 696 cognoscere
944 617 1033 697 quod
1064 635 1162 680 suum
1194 624 1258 690 est,
1307 676 1309 683 .

200 709 202 716 ⁴
246 698 372 762 etideo
395 705 533 759 nonest
558 713 663 774 capax
686 697 854 758 relationis
881 699 968 760 itlius
999 715 1070 777 quae
1093 698 1260 761 constituit
1307 744 1309 751 .

246 779 437 840 dominium.
469 779 678 856 Quapropter
700 778 883 853 proprietas
916 785 966 840 est
996 779 1150 856 quaedam
1176 794 1256 838 con-

239 860 366 938 junctio
383 859 566 920 secundum
582 856 805 935 cognitionem
820 862 853 917 et
872 857 1086 930 voluntatem,
1101 874 1162 919 seu
1183 873 1257 919 rec-

244 941 314 1000 tum
338 937 487 999 ordinem
511 937 645 998 rationis
672 956 680 997 :
703 938 804 1014 igitur
821 941 1005 1016 proprietas
1027 954 1086 1014 pro
1112 937 1258 999 dominio

243 1023 386 1096 sumpta,
413 1016 517 1078 estid
540 1017 629 1094 quod
648 1032 752 1092 prope
774 1020 835 1091 est,
857 1033 925 1078 non
945 1017 1168 1090 materialiter,
1195 1017 1259 1079 sed

244 1098 376 1177 adjacet
396 1097 494 1158 alicui
514 1096 779 1173 apprehendenti
798 1095 983 1158 secundum
1010 1102 1131 1158 rectam
1153 1100 1257 1159 ratio·
1307 1120 1309 1125 ·

243 1193 321 1240 nem
336 1185 368 1240 et
380 1177 594 1238 voluntatem.

283 1260 348 1320 Hoc
363 1255 462 1318 modo
478 1259 619 1332 sumpta,
637 1254 831 1332 proprietas,
848 1271 909 1316 seu
922 1255 1031 1333 potius
1039 1255 1097 1334 jus
1109 1258 1259 1334 proprie·
1307 1228 1309 1231 ⁵

244 1338 328 1411 tatis
346 1335 473 1398 definiri
493 1339 602 1412 potest
626 1335 794 1409 :suauitas
810 1336 954 1411 perfecte
967 1339 1157 1412 disponendi
1167 1340 1208 1398 de
1224 1354 1260 1395 re

243 1419 356 1495 atiquo
371 1418 503 1492 ejusque
525 1415 673 1475 utilitate.
696 1414 775 1474 Hinc
796 1417 978 1491 proprietas
1002 1417 1218 1496 distinguitur
1241 1433 1260 1476 a

238 1500 444 1574 possessione,
478 1499 642 1573 quatenus
670 1494 835 1570 possessio
865 1499 917 1555 est
942 1495 1094 1572 qualibet
1119 1497 1260 1557 actualis

243 1575 387 1640 detentio
409 1576 469 1645 rei,
492 1591 566 1635 eum
597 1574 706 1634 animo
731 1589 814 1634 eam·
828 1574 973 1636 habendi
994 1579 1152 1654 tanquam
1177 1593 1257 1654 pro-
1307 1624 1309 1657 ς

241 1655 343 1734 priam
368 1673 375 1714 :
396 1653 528 1732 quando
546 1654 713 1730 possessio
737 1669 809 1712 cum
823 1657 1026 1730 proprietate
1046 1657 1261 1735 conjungitur

243 1742 293 1796 est
305 1735 466 1810 tepittmrg
478 1749 587 1804 secus
604 1747 726 1811 nempe
741 1733 768 1794 si
781 1735 871 1794 nullo
882 1735 972 1813 justo
982 1735 1073 1795 titulo
1084 1733 1257 1808 fundatur,
1307 1742 1309 1817 f

243 1824 292 1876 est
305 1815 487 1890 ittcpftt'mo.

281 1886 482 1956 Dominium'
497 1890 596 1954 dividi
625 1891 710 1953 solet
736 1891 770 1951 in
800 1890 980 1954 dominium
1003 1894 1255 1970 jurisdictionis,

244 1974 332 2053 quod
349 1975 493 2034 consistit
515 1975 548 2032 in
558 1972 635 2052 jure
650 1970 860 2050 gubernandi
877 1972 1036 2044 subditos,
1054 1979 1087 2033 et
1099 1973 1133 2033 in
1150 1973 1256 2036 domi·
1307 2014 1308 2019 η

240 2054 329 2116 nium
340 2054 563 2129 proprietatis,
580 2053 621 2113 de
644 2067 710 2130 quo
733 2051 803 2111 solo
828 2051 880 2110 hic
903 2053 1042 2131 agimus.
1068 2054 1258 2115 Dominium

241 2134 449 2211 proprietatis
470 2132 503 2191 in
518 2147 643 2211 genere
659 2135 711 2193 est
727 2132 784 2210 jus
804 2132 895 2192 reale
908 2132 950 2192 de
965 2148 1001 2193 re
1017 2133 1125 2210 aliqua
1141 2134 1257 2212 dispo-

241 2213 341 2275 nendi
355 2214 388 2272 in
405 2211 612 2272 commodum
626 2213 809 2288 proprium,
825 2212 879 2273 vel
901 2211 1012 2289 quoad
1037 2214 1257 2275 substantiam

240 2297 299 2366 rei,
323 2292 375 2354 vel
398 2293 508 2368 quoad
527 2292 750 2352 emolumenta
764 2292 846 2364 sola,
862 2292 916 2352 vei
932 2291 1042 2370 quoad
1063 2298 1255 2373 uirumque.
1307 2356 1309 2359 ,

280 2376 346 2433 iioc
372 2370 550 2432 dominium
581 2370 736 2431 dividitur
757 2372 790 2430 in
809 2372 944 2447 plenum
968 2376 1086 2431 eicon
1106 2375 1256 2448 plenam.

239 2454 372 2514 Plenum
391 2456 451 2519 est,
468 2448 600 2528 quando
624 2452 697 2527 quis
712 2454 821 2526 potest
842 2449 988 2527 perfecte
1011 2450 1189 2528 disponere
1213 2454 1257 2515 de

240 2549 276 2594 re
300 2534 418 2607 aliqua.
448 2531 520 2591 Non
544 2530 680 2605 pienum
704 2534 766 2603 est,
791 2528 922 2607 quando
956 2532 1029 2607 quis
1052 2545 1119 2590 non
1144 2536 1258 2610 potest

243 2611 284 2673 de
310 2627 349 2673 ea
365 2627 424 2686 pro
441 2609 530 2669 libito
561 2608 749 2687 disponere,
767 2612 843 2686 quia
858 2626 924 2670 una
944 2626 1021 2686 pars
1041 2614 1189 2687 pertinet
1213 2614 1257 2675 ad
1294 2608 1297 2613 ’

239 2707 341 2753 unum
356 2694 390 2749 et
404 2690 464 2749 alia
481 2688 523 2748 ad
535 2689 646 2762 alium,
659 2692 706 2759 ut,
723 2706 754 2749 v.
769 2706 816 2767 g.,
842 2689 974 2766 quando
991 2688 1033 2764 ad
1058 2708 1162 2751 unum
1176 2709 1255 2770 per·

241 2774 322 2831 tinet
342 2771 526 2847 proprietas
552 2776 584 2829 et
599 2767 640 2827 ad
665 2769 765 2829 alium
788 2771 1005 2830 ususfructus.
1021 2771 1087 2831 Hoc
1102 2772 1256 2834 ultimum

241 2850 416 2915 dominium
439 2845 656 2909 subdividitur
676 2850 710 2908 in
729 2847 893 2910 'directum
919 2853 953 2910 et
971 2850 1052 2911 utile
1070 2870 1077 2910 :
1094 2853 1257 2913 directam

240 2936 300 3004 est,
328 2929 460 3007 quando
495 2928 567 3005 quis
586 2928 687 2997 habet
708 2930 944 3004 proprietatem
967 2930 1039 2990 sine
1057 2929 1252 3005 usufructu;
1307 2943 1309 2996 ξ

239 3014 326 3082 adite,
344 3008 476 3087 quando
492 3010 591 3069 habet
604 3008 844 3092 usumfructum
865 3009 938 3069 sine
959 3011 1173 3085 proprietate.

279 3093 316 3155 Et
338 3106 380 3149 ex
401 3089 450 3149 his
466 3088 678 3149 divisionibus
701 3089 847 3165 sequitur
863 3090 1100 3166 proprietatem
1120 3091 1254 3169 proprie

237 3174 399 3247 sumptam
421 3168 500 3229 nihii
522 3166 610 3228 aliud
627 3182 700 3227 esse
722 3184 822 3244 quam
832 3170 889 3247 jus
902 3170 937 3227 in
951 3184 987 3229 re
1002 3186 1062 3230 seu
1077 3171 1180 3245 reale,
1193 3188 1256 3249 per

238 3250 330 3330 quod
344 3264 398 3310 res
423 3248 518 3309 alicui
539 3250 584 3309 ita
608 3245 792 3308 devincitur
810 3254 848 3308 ut
868 3248 939 3309 sine
954 3249 1058 3327 ipsius
1083 3252 1253 3316 voluntate

237 3347 304 3393 non
327 3330 431 3405 possit
444 3326 515 3389 fieri
539 3328 693 3401 alterius;
708 3331 820 3402 potest
841 3325 999 3407 conjungi
1016 3346 1088 3390 cum
1102 3330 1253 3393 usufruc-

238 3415 274 3473 tu
294 3410 348 3471 vei
371 3408 411 3469 ab
433 3408 505 3484 ipso
528 3406 683 3483 separari.
707 3404 917 3468 Ususfructus
942 3415 993 3470 est
1008 3410 1065 3487 jus
1085 3412 1206 3473 utendi
1219 3418 1253 3472 et

106 3478 108 3483 ’
175 3506 191 3514 “·
237 3488 369 3551 fruendi
406 3488 506 3548 rebus
537 3486 664 3555 alicnis,
700 3487 791 3548 saiva
824 3486 1016 3549 earumdem
1055 3490 1250 3564 substantia,

236 3568 381 3647 ideoque
396 3566 527 3645 proprie
549 3566 757 3626 constituitur
775 3565 809 3625 in
830 3566 869 3627 iis
888 3572 1013 3629 tantum
1035 3570 1148 3643 rebus,
1173 3587 1249 3651 quae

13 3640 96 3739 ἓξὲξ,
236 3652 309 3735 ipso
332 3664 396 3709 usu
420 3663 487 3709 non
511 3649 761 3720 consumuntur,
782 3645 928 3726 ideoque
951 3664 1018 3711 non
1040 3647 1135 3711 datur
1152 3667 1248 3715 usus-
