2642 4250
451 222 553 300 13331
574 254 721 302 3333111113
1039 242 1094 305 167

71 365 331 428 determinatam
348 367 448 442 dedit,
466 371 497 430 3⁰
512 385 552 430 ex
568 370 717 432 absoluta
733 371 806 450 ejus
821 374 1016 434 necessitate
1033 390 1092 450 pro

70 447 232 507 omnibus
249 452 281 506 et
305 448 442 526 singulis
458 450 657 510 hominibus.
672 452 729 512 Est
747 451 888 514 societas
911 453 1055 513 humana
1082 474 1089 514 :

72 527 190 604 agitur
204 529 291 586 enim
307 527 348 588 de
372 529 569 600 hominibus,
596 533 630 588 et
657 529 790 607 quidem
810 533 844 592 in
864 537 950 593 statu
972 535 1029 594 via
1053 549 1092 594 ac

72 604 464 682 proindeconstanlibus
480 625 616 685 corpore
632 615 666 668 31
680 611 800 671 animo.
817 613 913 690 Ergo.

121 688 157 746 2⁰
170 685 281 746 Cultus
302 687 402 749 debet
418 703 491 749 3333
514 694 671 750 externus
694 696 727 750 et
741 691 891 767 publicus
906 692 992 763 1144,’
1008 693 1089 763 145);

75 767 174 842 atqui
191 766 295 826 cultus
311 767 353 827 ad
372 770 561 828 societatem
577 770 761 846 religiosam
783 772 937 847 pertinet.
954 803 992 813 -
1004 773 1090 850 Ergo

76 851 118 908 et
132 847 197 907 1133
212 849 281 922 ipsa
295 849 434 908 societas
450 854 584 909 externa
600 853 633 908 et
647 850 782 911 visibilis
798 867 871 912 esse
889 850 1000 910 debet.

125 926 285 986 Probatur
293 927 324 986 2³
332 943 422 1003 pers.
439 928 583 990 Societas
599 927 717 988 dicitur
726 929 873 1004 perfectu
890 947 959 1006 333
979 934 1017 1001 1⁰,
1036 947 1091 1005 po·

77 1007 188 1076 sitive,
202 1005 763 1084 3311333(131131133133313131333
777 1008 915 1086 proinde
930 1010 1041 1070 media
1050 1009 1093 1071 ad

79 1102 178 1146 suum
194 1083 292 1145 finem
307 1086 520 1146 obtinendum
536 1086 728 1148 sufficientia
739 1089 772 1148 in
788 1090 964 1165 semetipsa
978 1090 1091 1155 habet.

81 1169 119 1225 et
134 1167 175 1237 2⁰,
193 1164 343 1242 negative
356 1182 422 1226 non
439 1171 488 1226 est
501 1168 686 1227 membrum
701 1169 835 1230 alterius
851 1169 1016 1230 3331313113
1030 1184 1093 1229 333

81 1260 160 1304 3313
176 1246 236 1306 3113
252 1242 385 1306 3331333
399 1264 405 1304 :
418 1246 476 1307 sub
490 1247 589 1324 priori
603 1254 757 1323 respectu
772 1249 975 1309 considerata
992 1249 1092 1309 debet

82 1341 164 1404 ergo
180 1341 237 1386 sua
253 1323 362 1385 media
378 1326 506 1401 proprio
521 1343 560 1386 ac
575 1327 748 1404 originario
759 1328 836 1404 jure
849 1329 1031 1402 possidere,
1046 1329 1090 1389 ita

81 1410 122 1464 ut
145 1403 260 1466 eadem
287 1405 327 1464 ab
351 1405 413 1464 alia
437 1409 593 1467 societate
610 1406 813 1468 nullomodo
833 1409 978 1485 recipiat.
1003 1410 1093 1468 tam-

83 1500 162 1546 1313
176 1484 331 1558 Ecclesia,
350 1500 420 1562 que
435 1487 638 1546 cstsocietas
658 1491 774 1546 natura
793 1503 852 1547 sua
872 1504 1037 1564 suprema.
1061 1493 1094 1547 31

84 1564 128 1626 ad
144 1565 239 1624 aliam
255 1580 573 1641 quamcumquenon
597 1565 777 1634 ordinatur,
803 1566 913 1628 media
934 1567 977 1628 ad
995 1566 1093 1627 finem

86 1643 356 1720 consequendum
372 1646 557 1704 3333333313
577 1645 700 1706 habere
720 1646 835 1712 debet:
858 1648 885 1707 si
905 1652 955 1707 331
974 1664 1091 1724 supre-

86 1740 150 1795 ma,
175 1723 218 1784 ad
241 1724 335 1783 aliam
362 1722 533 1804 evidenter
556 1741 623 1785 333
640 1724 794 1797 33133131,
816 1743 875 1786 333
894 1744 961 1787 333
982 1731 1095 1804 potest

86 1805 156 1864 aliis
177 1803 332 1874 subesse3
359 1807 386 1866 si
409 1804 499 1864 nullo
522 1803 621 1864 modo
644 1804 687 1865 ad
708 1807 800 1867 aliam
823 1806 1001 1879 ordinatur,
1017 1808 1093 1885 jure

87 1885 217 1961 proprio
234 1887 268 1942 31
282 1883 454 1959 originario
471 1899 530 1944 333
544 1884 654 1946 media
669 1885 827 1962 possidet.

126 1962 222 2039 Atqui
237 1963 380 2024 Ecclesia
395 1968 444 2023 331
454 1966 594 2023 33313133
605 1981 772 2042 suprema,
785 1965 860 2041 quia
871 1963 944 2025 finis
959 1964 1032 2043 ejus
1045 1969 1094 2025 331

88 2043 269 2119 supremus
289 2042 344 2118 qui
359 2048 409 2104 est
423 2041 554 2120 adeptio
570 2043 640 2105 vile
655 2048 792 2113 313333,
804 2060 864 2104 333
874 2043 947 2106 finis
962 2046 1095 2106 ultimus

87 2126 187 2201 ipsius
202 2122 352 2193 hominis,
371 2124 421 2184 cui
436 2124 487 2185 alii
502 2124 715 2186 33133311333
730 2126 932 2187 ordinantur.
948 2128 1031 2203 Ergo
1043 2142 1093 2185 so-

89 2205 186 2264 cietas
202 2204 427 2265 ecclesiastica
442 2204 484 2265 ad
498 2204 594 2265 aliam
608 2222 675 2265 non
690 2210 875 2279 revocatur,
899 2222 936 2267 ac
955 2206 1094 2283 proinde

88 2284 119 2345 in
130 2283 309 2373 semetipsa
319 2282 537 2345 lrabetmedia
549 2285 590 2345 ad
601 2300 699 2346 suum
707 2285 807 2346 finem
823 2283 1096 2365 consequendum

87 2378 286 2425 3333333113.
990 2439 992 2444 Ι

125 2442 196 2505 294.
218 2474 257 2484 —
280 2442 511 2503 corollarium.
531 2445 615 2522 Ergo
638 2445 779 2504 societas
800 2442 1022 2503 ecclesiastica
1039 2443 1097 2519 jus

88 2523 186 2583 habet
209 2521 402 2598 possidendi
426 2523 513 2583 bona
539 2524 741 2599 temporalia.
767 2524 860 2583 Nulla
881 2522 968 2582 33113
987 2526 1098 2599 potest

90 2603 157 2663 dari
172 2602 316 2661 societas
332 2609 465 2662 externa
481 2608 514 2662 31
533 2603 667 2665 visibilis
689 2604 767 2680 quin
787 2603 848 2678 ipsi
868 2606 1032 2678 competat
1041 2602 1098 2679 jus

90 2681 425 2761 stabile-proprietatis
444 2683 606 2744 bonorum
621 2681 849 2759 temporalium
873 2701 880 2742 :
902 2682 993 2741 Bona
1013 2684 1100 2742 enim

91 2762 280 2836 temporalia
297 2762 440 2822 Ecclesia
450 2762 642 2823 necessaria
658 2765 746 2836 sunt,
771 2767 840 2822 lum
864 2764 893 2821 l⁰
912 2760 954 2821 ad
977 2763 1100 2821 cultum

15 2878 17 2897 2
89 2841 259 2919 publicum
275 2842 545 2915 promovendum,
564 2846 633 2902 1331
648 2844 680 2902 2⁰
695 2840 737 2902 ad
752 2841 1023 2902 sustentationem
1040 2844 1097 2901 131-

15 2928 17 2995 j
90 2924 267 2983 3131331331
283 2921 399 2993 331133,
418 2925 486 2980 1313
503 2921 646 2999 denique
663 2924 694 2982 3⁰
708 2922 749 2982 ad
765 2937 866 2998 opera
886 2920 1049 2981 charitatis
1067 2925 1101 2980 31

15 3050 17 3073 ,
90 3000 229 3075 pietatis.
247 2999 341 3060 Porro
357 3000 424 3061 1133
440 3003 557 3063 1313113
573 3018 648 3062 3331
663 3003 818 3062 missione
833 3000 964 3076 propria
984 3000 1100 3061 Eccle-

16 3080 17 3093 ³
90 3081 141 3140 313
157 3080 330 3149 cohaerent,
347 3086 383 3141 31
398 3078 468 3140 3133
483 3081 591 3142 31311111
606 3082 817 3158 possessione
833 3082 998 3141 honorum
1013 3084 1100 3138 tem-

16 3166 18 3187 1
91 3160 262 3235 puralium,
278 3160 344 3220 1133
359 3160 499 3221 societas
510 3176 576 3222 non
588 3162 692 3237 possit
701 3161 907 3221 incolumitcr
919 3164 952 3219 et
966 3157 1102 3235 pacifice

19 4052 25 4202 l

92 3239 280 3300 subsistere.

90 3364 159 3425 295.
175 3396 214 3405 -
228 3362 335 3423 Τ31313
355 3362 404 3424 111.
427 3363 567 3424 Ecclesia
587 3368 629 3423 est
648 3366 784 3425 33313131
803 3363 939 3424 realiter
952 3362 1102 3422 distincta

132 3442 536 3518 3333131313313111,33333
552 3443 645 3519 lotape
654 3444 874 3505 excellentior.

131 3556 293 3616 Probatur
310 3559 443 3631 113313.
467 3560 496 3618 1ο
511 3556 546 3619 ld
557 3558 627 3637 jam
636 3554 707 3617 fluit
718 3560 754 3616 31
769 3552 976 3617 corollarium
991 3568 1033 3613 ex
1046 3562 1102 3613 'su-

93 3634 213 3715 periori
226 3637 464 3714 propositione;
482 3653 560 3697 nam
578 3638 605 3697 si
619 3636 766 3697 Ecclesia
786 3641 837 3696 est
857 3633 997 3695 societas
1013 3651 1101 3694 com-
