2642 4250
431 284 567 328 fflsronn
587 287 802 331 pernoscatur..
1066 271 1127 332 239

94 411 324 476 propugnare
355 401 415 459 visi
442 406 530 469 sunt,
556 418 577 461 a
602 401 740 460 scritate
768 401 840 475 ipsa
873 401 947 476 plus
977 402 1127 464 minusve

96 475 322 540 desciverunt
337 481 400 539 :ita
421 483 635 551 terninano-rs,
649 483 800 548 Beatam,
817 484 881 540 etc.

148 558 408 637 Ontologismus‚
426 562 582 621 Kantismi
596 561 760 628 surculus,
778 559 1125 624 ethraditionalismus

95 636 184 696 olim
225 656 243 698 a
275 639 473 716 quibusdam
505 642 706 710 auctoribus,
741 640 915 710 Gtooatm,
946 643 1122 706 hosianna.

99 717 248 792 lihaytrs,
276 723 316 779 de
343 719 480 789 Boeoto,
510 724 658 793 t'enturo,
686 724 763 791 etc,
785 723 820 780 in
843 720 963 791 lucem,
987 727 1023 780 ut
1043 739 1124 782 troad

90 797 313 873 philosophia
336 801 524 870 cltristicno,
561 799 684 868 educti,
706 803 774 876 jam
803 799 846 859 de
873 798 984 862 medio
1016 817 1124 862 remo-

97 881 237 947 ventur,
255 881 350 938 etiam
365 880 399 938 in
413 878 526 939 Gallia.

147 958 216 1017 lmo
230 959 280 1020 his
293 959 413 1018 ultimis
429 959 556 1031 diebus,
573 959 658 1019 facta
675 965 725 1018 est
740 973 816 1018 vera
832 963 865 1018 et
886 961 1017 1034 proprie
1035 959 1121 1020 dicta

98 1035 318 1114 philosophie
333 1042 529 1099 restauratio
551 1057 612 1116 per
625 1038 851 1098 reversionem
866 1037 908 1098 ad
926 1040 1040 1114 sapien
1047 1043 1120 1100 tiam

99 1116 345 1180 scholasticam.
370 1119 435 1178 Viri
456 1118 603 1182 electrina
627 1125 660 1178 et
685 1119 823 1178 scientia
844 1118 987 1194 preclari
1015 1125 1051 1179 ut
1072 1122 1120 1179 Lr'-

100 1195 268 1269 beralore,
303 1201 547 1268 Sanseoerr'nus,
578 1199 744 1274 Kleutqcn,
774 1203 851 1266 etc,
894 1198 1011 1274 quihus
1041 1200 1120 1258 aot-

100 1291 173 1335 mes
194 1292 253 1336 sno
275 1277 374 1336 modo
399 1279 482 1336 viam
507 1282 647 1355 aperuit,
664 1279 698 1336 in
724 1294 763 1337 eo
788 1278 939 1338 laborant
964 1284 1001 1339 ut
1024 1281 1121 1340 tntius

99 1356 286 1418 traditionis
311 1359 552 1429 ecclesiastica,
576 1366 609 1419 et
629 1359 800 1433 speciatim
825 1358 857 1416 S.
879 1359 1018 1426 'lliomre
1045 1358 1119 1418 doc-

100 1437 223 1495 trinam
244 1438 276 1496 in
290 1437 437 1497 medium
451 1438 631 1514 proferant,
648 1454 687 1498 ac
707 1437 948 1513 philosophiam
968 1438 1119 1498 omnihus

97 1513 253 1576 Ecclesia
292 1517 433 1577 decretis
469 1518 610 1579 candide
652 1518 839 1594 subjiciant,
873 1534 934 1577 seu
968 1517 1118 1578 ancillam

102 1594 274 1671 theologie
298 1597 451 1657 reddant.
480 1599 525 1657 llli
561 1613 677 1660 omnes
705 1599 737 1657 S.
774 1598 933 1658 'thomam
963 1601 1119 1674 tanquam

99 1675 294 1752 magistrum
323 1683 357 1736 et
394 1677 513 1737 ducem
552 1677 692 1745 hahent;
724 1677 786 1737 sed
819 1675 883 1748 alii,
913 1679 998 1736 inter
1035 1693 1118 1754 quos

100 1753 350 1820 Sanseverinus,
364 1758 482 1816 scholae
495 1759 696 1817 Themisticae
711 1757 830 1816 addicti
844 1760 935 1825 sunt;
954 1757 1007 1816 alii
1023 1773 1114 1827 vero,

99 1838 138 1893 ut
161 1836 358 1904 Liberatore,
382 1839 742 1914 kleutgen‚1ronsunt
765 1837 937 1896 Themista
957 1837 989 1894 in
1015 1853 1116 1896 sensu

98 1913 261 1976 hodierno
277 1918 428 1989 nominis
445 1918 519 1976 licet
538 1919 606 1977 veri
622 1917 773 1992 discipuli
791 1918 940 1976 Doctoris
954 1917 1112 1993 Angelici.

99 1993 254 2056 Summus
277 1995 435 2065 Pontifex,
461 1999 524 2056 Leo
550 1997 629 2067 xiil,
654 1995 764 2056 adhuc
787 1996 930 2074 gloriose
956 2011 1112 2074 regnans

96 2073 180 2135 nihil
207 2077 371 2154 antiquius
406 2077 519 2139 hahuit
543 2091 641 2154 quam
678 2076 992 2155 redintegrationem
1027 2077 1113 2137 illius

95 2154 311 2231 philosophia
326 2159 357 2216 S.
385 2159 513 2217 Thomas
535 2158 566 2216 in
593 2157 715 2218 scholis
731 2157 910 2221 catholicis,
928 2161 964 2216 ut
986 2162 1113 2217 constat

93 2239 277 2311 praesertim
300 2253 339 2295 ex
364 2238 484 2297 celebri
506 2238 680 2314 Encyclica
694 2240 820 2296 AElernt'
832 2237 949 2297 l’atrt‘s.

136 2316 187 2390 nt,
202 2316 290 2393 quod
306 2317 424 2376 mirum
439 2334 520 2377 sane
536 2318 679 2386 videtur,
692 2318 902 2377 scientiarum
917 2314 1113 2377 naturalium

95 2394 251 2465 cultores,
292 2397 409 2456 saltem
441 2398 574 2458 acrioris
605 2396 733 2473 judicii,
772 2394 990 2457 reconditiore
1026 2395 1111 2457 facta

93 2489 207 2535 rerum
222 2475 446 2552 indagatione,
466 2477 538 2552 jam
552 2478 771 2552 praesentiunt
784 2494 822 2537 ac
837 2477 937 2558 veluti
957 2473 1112 2537 olfaciunt

92 2553 310 2630 philosophiae.
337 2557 541 2616 scholasticae
568 2557 754 2626 veritatem;
780 2555 912 2616 atinde
940 2554 1110 2615 dissidium

92 2634 181 2693 inter
194 2636 346 2695 scientias
369 2637 645 2713 experimentales
661 2642 694 2697 et
716 2636 903 2712 disciplinas
918 2636 1107 2705 rationales,

91 2714 232 2773 Bacenis
246 2717 321 2775 nisu
336 2732 374 2775 ac
396 2716 562 2778 molimine
586 2716 752 2788 effectum,
771 2722 803 2776 et
817 2717 857 2776 ab
879 2716 951 2793 ejus
974 2716 1107 2775 asseclis

92 2808 215 2869 magno
229 2796 407 2855 verborum
425 2798 562 2872 strepitu
578 2797 793 2862 celebratum,
814 2796 885 2874 J'am
905 2810 1105 2856 evanescere

91 2874 216 2950 incipit,
239 2876 356 2935 saltem
385 2877 473 2952 apud
497 2877 569 2938 illos
591 2880 646 2953 qui
672 2876 825 2936 doctrine
853 2874 1017 2934 catholica
1039 2892 1104 2935 non

91 2958 169 3013 sunt
207 2970 334 3024 osores;
372 2955 445 3031 ipsa
485 2957 661 3017 methodus
692 2956 859 3017 inductiva
893 2970 954 3031 per
981 2958 1103 3014 natura

90 3034 255 3095 sensibilis
285 3051 480 3096 arcanorum
502 3035 751 3114 indagationem
776 3034 902 3095 detexit
928 3032 1105 3095 falsitatem

89 3117 306 3187 systematum
329 3116 528 3177 scholastica
549 3119 716 3192 sapientie
738 3116 951 3175 suffectorum
971 3128 1045 3189 quaa
1062 3113 1105 3173 ad

88 3192 269 3255 absurdum
286 3211 394 3272 usque
418 3195 566 3257 deduxit.
593 3200 709 3274 ltaque
735 3195 814 3257 dum
834 3194 1039 3272 philosophia
1061 3195 1104 3254 ad

86 3274 257 3335 veritatem
282 3276 462 3336 revelatam
489 3276 575 3336 redit
603 3292 642 3336 ac
665 3291 780 3335 sanam
806 3274 972 3352 majorum
1001 3272 1101 3333 tradi·

87 3353 212 3414 tionem
239 3357 401 3431 sequitur,
434 3372 531 3416 suum
554 3355 736 3435 dominium
756 3356 790 3414 in
811 3370 928 3416 omnes
948 3352 1102 3414 scientias

86 3435 253 3494 naturales
274 3450 473 3512 recuperare
499 3437 615 3513 incipit
637 3436 729 3496 :imo
754 3439 786 3494 et
806 3448 919 3495 veram
941 3433 1102 3493 unitatem

86 3513 229 3575 nancisci
245 3518 355 3577 sumit.

125 3594 217 3654 Nunc
240 3611 320 3674 ergo
341 3594 439 3656 unice
460 3599 612 3656 remanet
634 3593 715 3655 illud
736 3592 961 3669 spectaculum
981 3605 1100 3669 pugne

87 3675 251 3735 acerrime
271 3679 358 3738 inter
371 3682 521 3738 veterem
535 3676 624 3736 illam
646 3690 684 3735 ac
703 3672 945 3735 indeficientem
964 3672 1099 3750 sapien-
