2642 4250
459 232 638 276 onnvnmou
657 231 859 294 annosorum
1175 217 1253 278 200

252 346 336 424 Ergo
352 347 441 406 nulla
458 345 627 407 diversitas
643 362 680 406 ac
696 347 903 424 inaequalitas
919 346 1031 424 quoad
1042 347 1118 425 jura
1131 348 1252 414 abso-

214 423 284 486 luta
304 426 339 486 in
354 425 492 487 diversis
507 427 695 487 nationibus
712 429 847 504 agnosci
869 431 988 504 potest.

255 505 326 566 334.
352 541 391 548 -
424 508 656 568 corollarium.
683 506 767 580 Ergo
790 507 875 567 hanc
902 507 1128 584 aequalitatem
1147 507 1253 586 juris

155 631 159 642 .
214 586 409 646 subvertere
428 591 498 646 aut
525 589 699 647 immutare
724 591 894 662 nequeunt
915 602 1047 665 magnae
1075 589 1249 648 nationes

216 665 297 742 quin
313 666 370 743 jus
385 665 532 725 naturale
547 664 721 727 manifesto
737 666 874 738 laedant;
893 668 1008 727 ethaeo
1019 667 1095 745 jura
1111 683 1247 728 essen-

214 746 301 806 tialia
331 744 450 806 laedere
471 745 560 805 idem
588 749 638 805 est
659 761 697 804 ac
722 750 863 806 mortem
886 746 1029 825 aliquus
1048 747 1244 818 sacietatiS,

161 858 164 862 -
215 840 290 902 quae
313 826 353 885 ab
381 825 431 885 his
456 825 587 901 juribus
609 827 709 885 vitam
730 827 886 888 socialem
915 827 1028 901 habet,
1052 829 1241 902 appetere,

215 905 305 982 quod
327 905 359 964 in
383 904 497 965 ordine
514 906 626 967 sociali
646 904 785 981 perinde
799 907 888 967 valet
909 923 946 967 ac
970 907 1004 967 in
1019 907 1135 966 ordine
1162 907 1239 984 pri·

215 989 290 1047 vato
312 988 452 1045 mortem
474 985 620 1060 proximo
636 985 753 1046 moliri.

255 1066 324 1126 335.
341 1099 380 1108 —
395 1065 575 1126 seoriam.
597 1066 720 1124 Tamen
744 1063 853 1141 quoad
873 1065 950 1142 jura
974 1080 1049 1142 quae
1065 1065 1100 1125 in
1115 1065 1241 1142 aliquo

215 1145 300 1205 iacto
316 1143 506 1214 fundantur,
531 1149 564 1203 et
579 1145 756 1220 prasertim
776 1147 810 1206 in
832 1144 887 1205 illo
911 1160 952 1205 ex
974 1161 1039 1222 quo
1057 1143 1242 1206 diversitas

214 1225 385 1286 nationum
412 1222 588 1295 enascitur,
611 1224 683 1283 haec
707 1228 795 1284 certo
818 1229 895 1284 sunt
917 1225 1103 1302 inaequalia.
1121 1223 1241 1295 Unde,

217 1321 289 1364 cum
325 1306 359 1366 in
389 1305 603 1364 conventibus
631 1305 791 1382 gentium,
815 1303 925 1375 idest,
955 1305 988 1364 in
1023 1305 1238 1367 solemnibus

216 1399 419 1444 summorum
435 1383 667 1459 imperantium
691 1384 845 1450 conciliis,
865 1385 917 1444 isti
944 1401 1004 1459 per
1024 1385 1153 1462 legatos
1177 1386 1242 1444 aut

216 1464 312 1524 aliter
332 1463 463 1534 sedent,
485 1464 564 1523 nihil
596 1466 686 1523 vetat
716 1465 889 1538 quominus
919 1463 992 1524 haec
1021 1465 1239 1542 inaequalitas

216 1542 430 1604 accidentalis
466 1543 507 1603 sit
533 1543 650 1620 regula
687 1543 810 1603 ordinis
844 1544 970 1605 honore
1006 1542 1238 1605 antecedendi

216 1623 377 1684 servanda
403 1623 487 1682 inter
512 1621 657 1683 diversas
686 1623 836 1684 nationes
868 1623 913 1682 sic
938 1623 1155 1696 coadunatas;
1180 1622 1238 1683 hic

217 1702 299 1764 ordo
323 1705 435 1765 tamen
451 1719 492 1763 ex
507 1704 611 1778 pactis
632 1703 737 1764 tacitis
758 1703 811 1762 vel
834 1703 998 1778 expressis
1012 1703 1236 1780 repetisolet.

218 1827 288 1890 336.
305 1860 344 1870 -
365 1829 472 1887 Tarsis
498 1827 547 1887 lV.
576 1827 709 1888 Vetitam
723 1831 767 1886 est
782 1827 929 1888 atiaram
943 1831 1084 1902 pontiam
1100 1827 1233 1901 perfec-

256 1908 339 1966 tioni
351 1906 587 1970 conservationi
599 1910 627 1966 at
641 1905 878 1982 tranquillitati
897 1911 1006 1980 aperte
1027 1908 1075 1967 aet
1091 1907 1234 1967 latenter

255 2002 381 2047 nocere.

254 2103 428 2164 Probatur.
454 2101 614 2164 Gentibus
645 2100 783 2179 singulis
806 2099 978 2162 evidenter
1001 2101 1155 2178 competit
1172 2100 1233 2180 jus

215 2181 396 2243 adhibendi
418 2182 528 2243 media
544 2183 687 2259 propriae
712 2183 953 2243 conservationi
978 2185 1009 2241 et
1037 2180 1231 2257 perfectioni

214 2265 402 2324 necessaria
426 2279 496 2338 quae
519 2263 592 2341 ejus
613 2268 690 2323 sunt
705 2265 738 2321 et
752 2262 876 2321 nemini
899 2259 1056 2321 damnum
1077 2260 1227 2323 iaciunt:

215 2342 304 2404 natio
331 2358 402 2418 quae
429 2342 484 2401 tali
515 2342 592 2418 jure
626 2340 861 2402 destitueretur
880 2356 948 2399 non
978 2346 1067 2403 esset
1088 2342 1230 2403 societas

213 2420 373 2496 perlecta,
396 2436 457 2481 seu
478 2423 567 2482 natio
598 2421 728 2497 proprie
759 2419 855 2488 dicta,
888 2434 1010 2497 nempe
1034 2422 1143 2483 civitas
1172 2420 1225 2482 sui

209 2502 295 2580 juris
317 2520 355 2561 aa
386 2501 527 2570 interra.
564 2498 598 2562 id
628 2506 689 2569 est,
719 2503 824 2562 status
854 2498 1098 2575 independens.
1127 2500 1226 2579 Atqui

213 2583 290 2643 buia
308 2582 373 2658 juri
398 2579 622 2649 prospiciendi
653 2580 790 2656 propriae
818 2580 1067 2646 conservationi.
1094 2578 1224 2655 perfec-

214 2662 293 2723 tioni
310 2678 348 2721 aa
368 2660 513 2722 felicitati
536 2658 741 2735 respondere
767 2659 868 2721 debet
896 2665 1120 2721 consentanea
1144 2661 1220 2721 alia-

213 2758 286 2802 rum
309 2742 458 2816 nentium
481 2740 667 2818 obligatio:
697 2756 774 2801 nam
798 2737 951 2799 omnibus
972 2740 1131 2801 incumbit
1151 2737 1219 2803 olfi-

215 2822 302 2882 cium
323 2837 389 2885 non
405 2819 549 2881 'laedendi
561 2820 617 2892 jus
639 2820 788 2880 aliorum.
813 2820 897 2895 Ergo
920 2820 1117 2897 gubernium
1133 2820 1219 2897 quod

214 2906 330 2976 aperte
359 2900 410 2962 vel
432 2899 588 2961 insidiose
610 2898 733 2975 aliquid
755 2898 935 2971 moliretur,
970 2900 1059 2979 quod
1088 2898 1220 2961 aliarum

214 2984 363 3061 gentium
379 2978 585 3057 perfectioni,
599 2979 837 3040 conservationi
849 2982 883 3039 et
894 2979 1118 3055 tranquillitati
1127 2978 1220 3041 detri-

212 3064 360 3122 mentum
385 3059 528 3123 afferret,
545 3074 640 3120 reum
656 3064 744 3121 esset
757 3058 820 3117 laesi
839 3057 924 3137 Juris
939 3058 1142 3119 earumdem.

252 3142 323 3202 337.
354 3173 393 3183 -
412 3140 591 3201 Sotiatium.
619 3140 691 3199 Non
723 3140 849 3200 tantum
881 3138 1073 3215 principium
1100 3140 1223 3200 Nemini

211 3224 388 3281 nocerem
415 3219 587 3279 nationum
619 3216 724 3280 officia
756 3217 857 3295 cedit,
885 3234 998 3279 verum
1032 3218 1131 3277 etiam
1159 3216 1216 3280 hoc

211 3300 348 3361 alterum
375 3318 382 3358 :
407 3302 471 3357 Fac
491 3299 618 3358 bonam.
644 3296 756 3359 Officia
784 3297 871 3358 enim
901 3296 1132 3359 beneficentiae
1155 3313 1215 3359 non

210 3380 320 3441 minus
341 3380 494 3439 nationes
509 3394 609 3449 quam
629 3377 780 3440 homines
794 3374 980 3439 inditiduos
1002 3377 1211 3457 obstringunt.

115 3477 145 3531 j
210 3458 399 3521 Relationes
428 3458 591 3520 charitatis
621 3458 740 3535 quibus
761 3458 860 3518 homo
883 3457 1022 3535 quilibet
1048 3457 1080 3517 vi
1100 3462 1212 3519 natura

184 3539 396 3609 communis
420 3554 499 3608 erra
519 3552 633 3598 amnes
655 3537 736 3599 alios
759 3540 830 3599 sine
853 3536 920 3598 ulla
948 3540 1143 3613 exceptione
1158 3535 1208 3598 de-

209 3617 361 3691 mitur,
379 3618 473 3705 'solvi
501 3612 758 3695 nequeunt'per
786 3620 908 3677 statum
935 3618 1113 3691 socialem3
1148 3616 1206 3679 imo
