2642 4250
67 286 134 346 193
329 275 332 280 ’
493 301 602 345 nrnrct
622 293 787 345 srucnns.¹

265 438 284 500 ἓ
302 435 345 488 lll.
359 463 396 476 -
410 435 451 489 De
464 432 561 488 forma
570 433 892 506 ‚regiminisEcclesim

112 551 182 612 323.
204 582 243 591 —
266 549 347 622 Quae
369 549 528 611 hactenus
551 547 725 610 denatura
745 549 913 625 potestatis
928 547 1084 610 ecclesia·

65 632 164 690 sticae
186 628 436 704 disputavimus,
469 629 617 694 Ecclesiae
638 630 789 707 regimen
817 629 958 689 dilucide
981 627 1088 688 mani·

67 708 201 772 festam,
224 710 285 769 Per
314 707 455 769 formam
487 712 576 770 enim
607 710 776 788 regiminis
796 707 989 787 intelligitur
1012 723 1088 768 con·

67 790 180 851 sensio
200 790 348 849 omnium
370 791 614 850 elementorum
634 791 800 850 societatis
822 791 855 848 in
879 803 1089 848 communem

66 869 172 930 finem
192 871 412 946 vergentium,
435 884 497 930 seu
517 868 637 930 modus
658 868 843 930 secundum
865 884 966 945 quem
990 868 1086 928 intel·

68 951 177 1018 lectus
221 948 433 1021 concordant,
477 948 664 1010 voluntates
708 949 865 1010 uniuntur
901 954 934 1009 et
978 948 1088 1009 media

69 1029 308 1091 coordinantur
320 1029 440 1090 intuitu
453 1027 526 1088 finis
547 1029 766 1105 assequendi;
789 1028 849 1089 sed
865 1030 968 1089 activa
984 1027 1086 1089 direc-

71 1111 118 1169 tio
146 1111 264 1170 horum
293 1108 535 1170 elementorum
565 1108 729 1169 adfinem
750 1113 800 1169 est
820 1112 980 1185 potestas.
1002 1108 1086 1187 Ergo

70 1205 116 1249 ex
148 1189 242 1251 dictis
278 1187 320 1250 de
355 1194 530 1266 potestate,
566 1205 672 1265 prona
711 1194 762 1249 est
800 1188 966 1250 conclusio
1002 1189 1115 1249 circa*

67 1267 211 1330 formam
232 1269 402 1348 regiminis
422 1269 588 1330 Ecclesiae.

111 1345 1087 1427 Etsiressitinpromptuposita,tamennondefueruntauc-

72 1436 172 1504 tores,
187 1428 243 1504 qui
254 1427 369 1490 dehac
384 1445 420 1488 re
433 1429 514 1490 falso
537 1434 594 1489 aut
615 1431 714 1489 etiam
734 1444 889 1505 perverse
905 1429 1086 1489 sentierint.

114 1513 143 1570 l⁰
182 1508 343 1568 Marsilius
381 1509 566 1579 patavinus,
608 1513 646 1567 ut
659 1543 665 1588 t
685 1507 836 1568 Ludovici
871 1509 996 1579 Bavari,
1033 1509 1089 1584 qui

72 1591 237 1650 Romanos
274 1586 447 1648 Pontifices
481 1588 708 1665 oppugnabat,
736 1589 874 1666 gratiam
896 1591 1088 1664 aucuparet,

73 1669 184 1729 docuit
209 1671 238 1729 1⁰
258 1670 292 1729 in
306 1668 451 1729 Ecclesia
473 1684 632 1728 summam
647 1672 844 1745 potestatem
868 1683 942 1728 esse
964 1668 998 1728 in
1020 1672 1088 1730 toto

74 1755 159 1809 coetu
180 1746 339 1818 fidelium,
363 1762 430 1808 non
451 1763 547 1808 secus
569 1764 607 1806 ac
629 1751 664 1809 in
685 1748 755 1808 aliis
776 1748 939 1819 omnihus
963 1748 1089 1824 inquie-

72 1829 137 1900 bat,
161 1828 391 1901 societatibus,
414 1829 446 1887 2⁰
467 1827 552 1887 hanc
573 1832 773 1905 potestatem
796 1828 987 1888 translatam
1007 1827 1090 1888 t‘uis-

72 1925 107 1968 se
129 1908 162 1968 in
186 1909 366 1984 principes,
389 1908 507 1967 saltem
526 1905 654 1968 fideles.

108 1989 140 2048 2³
170 1988 393 2048 Protestantes
410 1988 587 2059 ,innumera
624 1988 709 2047 circa
743 1986 828 2046 hanc
869 1988 1089 2063 quaestionem

76 2074 232 2129 coxerunt
253 2070 444 2147 systemata,
469 2083 539 2144 qua
560 2066 614 2128 vel
635 2067 677 2127 ad
701 2067 936 2127 democratiam
957 2082 1086 2144 puram,

73 2151 141 2209 sine
176 2148 244 2208 ulla
279 2148 492 2209 translatione
524 2150 707 2223 potestatis,
740 2150 793 2208 vel
824 2149 867 2207 ad
887 2146 1088 2208 liberrimam

73 2226 399 2298 confoederationem,
435 2228 488 2287 vel
522 2228 620 2287 etiam
659 2227 702 2288 ad
732 2230 947 2305 negationem
984 2229 1088 2304 ipsius

71 2303 231 2380 Ecclesia,
254 2312 291 2365 ut
311 2308 477 2368 societatis
499 2305 656 2369 distinctae
682 2326 700 2369 a
723 2309 816 2379 civili,
841 2312 916 2378 etc,
937 2312 1088 2387 regimen

72 2388 228 2449 Ecclesiae
249 2385 424 2446 reducunt.

110 2469 143 2528 3⁰
175 2466 356 2539 RicheriuS‚
393 2465 556 2527 Sorltoniae
590 2465 759 2544 syndicus
795 2465 957 2527 affirmare
991 2466 1089 2527 etiam

72 2562 171 2607 ausus
207 2552 258 2607 est
297 2544 436 2605 formam
464 2546 634 2623 regiminis
663 2547 814 2606 Ecclesia
855 2561 931 2607 esse
972 2544 1088 2609 demo-

72 2628 207 2687 cratiam
223 2647 231 2687 :
255 2625 411 2699 Christus,
430 2626 526 2704 juxta
540 2626 661 2701 ipsum,
677 2625 866 2686 immediate
890 2624 981 2686 dedit
995 2641 1085 2685 sum-

71 2722 160 2767 mam
190 2710 388 2782 potestatem
420 2707 515 2766 coetui
545 2704 707 2777 fidelium;
741 2710 940 2782 potestatem
962 2710 1089 2767 lantum

72 2787 318 2847 ministerialem
338 2788 484 2847 Romano
514 2784 670 2858 Pontifici,
700 2786 868 2861 Episcopls
891 2792 923 2845 et
948 2788 1088 2865 presby·

13 2877 14 2934 j
73 2868 161 2938 teris,
199 2866 327 2927 diverso
363 2865 500 2942 quidem
533 2864 651 2944 gradu,
697 2864 887 2926 immediate
920 2866 1086 2927 contulit:

13 2957 14 3015 t
72 2949 185 3024 itaque
215 2945 399 3024 jurisdictio
435 2962 496 3006 seu
517 2950 665 3021 potestas
693 2949 763 3005 tum
798 2946 993 3021 episcopalis
1021 2950 1090 3007 tum

72 3026 267 3101 parochialis
288 3023 475 3086 immediate
507 3026 635 3086 veniret
656 3040 676 3084 a
698 3024 836 3097 Christo,
861 3028 894 3086 et
924 3027 1089 3087 Romanus

72 3103 220 3166 Pontifex
263 3105 442 3166 Ecclesiam
487 3103 739 3183 dissentientem
775 3109 830 3164 aut
869 3106 1089 3167 inconsultam

13 3199 14 3238 t
74 3184 220 3264 obligare
242 3201 308 3245 non
324 3189 448 3265 posset.

15 3290 17 3302 =
109 3266 143 3325 4⁰
157 3266 221 3324 llos
243 3279 357 3326 omnes
380 3279 537 3324 excessus
558 3279 618 3324 suo
640 3263 741 3323 modo
763 3263 889 3325 recoxit
909 3265 1088 3327 Febronius

14 3331 15 3354 ²
75 3344 235 3424 (Nicolaus
256 3343 451 3421 llontheim).

14 3439 18 3496 t
113 3422 181 3485 Sed
200 3424 253 3483 hic
269 3439 360 3484 error
372 3423 641 3486 Protestantismo
660 3418 758 3483 valde
780 3418 895 3493 affinis
912 3438 979 3483 non
993 3438 1091 3497 secus

15 3521 16 3554 t
75 3520 114 3564 ac
128 3503 329 3580 superiores,
352 3504 526 3564 evidenter
546 3504 676 3580 pugnat
697 3516 771 3560 cum
785 3501 895 3562 verbis
910 3502 1025 3565 Christi
1036 3500 1090 3582 (ll,

15 3635 17 3648 2
73 3587 112 3667 ut
131 3581 313 3645 ostendunt
333 3584 489 3663 theologi.

16 3719 17 3744 i
108 3706 142 3769 (t)
156 3706 233 3766 loun.
244 3719 300 3771 m,
310 3705 351 3772 15,
364 3703 396 3757 16
408 3709 436 3756 et
448 3704 486 3767 tt,
498 3702 559 3757 coll.
569 3702 663 3754 Matth.
677 3700 805 3761 xv1,180t
821 3701 864 3758 1⁹.

16 3777 17 3800 l
400 3785 484 3837 Bm.
496 3782 573 3838 Pm.
586 3781 619 3837 Τ.
631 3779 677 3835 111.
686 3805 719 3823 -·
732 3780 773 3835 13.
