2642 4250
520 287 625 348 urnrca‘
645 301 804 347 sauciatis.
1109 279 1166 340 133

131 413 292 488 sibilem;
310 416 422 495 itaque
443 419 476 478 in
499 435 709 497 quocunque
734 415 868 478 homine
895 415 998 475 debet
1025 414 1068 474 ita
1093 429 1168 474 res·

132 496 246 574 tringi
262 502 295 556 et
320 500 474 560 coarctari
501 500 565 559 bac
580 496 716 559 libertas
728 505 765 558 ut
787 513 863 557 cum
888 495 958 570 ipsa
987 495 1168 554 coexistere

127 575 246 648 possit
267 577 402 638 libertas
427 577 566 639 aliorum
592 597 598 635 :
623 579 699 638 binc
723 577 930 654 principium,
960 572 1050 650 quod
1071 577 1168 634 vocat

132 656 372 726 coaccidentia,
390 671 431 715 ex
446 673 510 733 quo
526 662 630 719 status
646 674 707 718 seu
728 659 870 717 societas
892 654 992 715 civilis
1014 653 1166 730 emergit,

135 735 245 812 cujus
261 735 400 812 proinde
415 735 486 796 linis
502 739 633 799 nonnisi
648 741 682 799 in
695 742 809 797 mutua
826 735 1049 797 coarctatione
1060 814 1061 817 Ἴ
1072 738 1106 793 et
1127 733 1166 792 li-

135 812 284 875 bertatis
299 816 469 876 harmonia
485 820 602 879 sistere
618 820 740 894 potest.
828 811 835 826 '

188 894 260 954 att.
279 899 318 939 -‘
334 896 517 974 Constitata‘o
539 899 701 958 seriteattae
721 895 890 956 iaatiaaae.
919 895 948 953 l⁰
970 890 1166 968 Principium

140 973 265 1051 inquo
282 974 563 1038 stabiliturtotum
592 976 673 1038 illud
698 978 844 1054 systema
871 979 920 1034 est
943 970 1064 1032 falsum
1089 967 1163 1050 (81).

140 1053 236 1130 Ergo
254 1059 286 1115 et
308 1055 464 1116 molimen
485 1057 665 1134 superinde
682 1058 884 1116 exstructum
905 1052 1025 1113 nullius
1040 1052 1167 1111 roboris

150 1139 219 1194 est.

193 1215 227 1274 2⁰
250 1213 377 1274 Falsum
403 1216 453 1274 est
481 1213 571 1290 quod
591 1215 727 1276 libertas
754 1216 889 1274 externa
913 1227 974 1287 per
997 1227 1034 1270 se
1057 1214 1168 1270 careat

146 1291 321 1362 limitibus,
337 1297 373 1352 ut
397 1298 525 1354 constat
550 1309 590 1354 ex
617 1295 711 1354 dictis
736 1293 778 1354 de
805 1291 973 1367 principiis
1002 1290 1167 1350 directivis

146 1387 290 1432 morum.
310 1373 445 1432 Kantius
461 1376 557 1445 enim,
575 1381 611 1434 ut
625 1376 721 1446 solet,
739 1370 911 1433 confundit
925 1372 1110 1432 libertatem
1132 1370 1167 1430 in

147 1451 316 1513 abstracto
340 1456 522 1528 speciatam
538 1457 581 1528 et
595 1455 667 1514 sine
688 1455 755 1514 ulla
779 1450 1058 1513 determinatione
1083 1450 1164 1509 sub-

141 1529 241 1608 jecti,
261 1547 334 1592 eum
348 1533 498 1592 libertate
523 1533 616 1600 reali,
643 1535 771 1610 quaein
796 1531 948 1609 subjecto
974 1529 1164 1606 particulari

145 1611 275 1671 residet
292 1631 298 1670 ε
316 1612 415 1688 prior,
434 1618 568 1689 quaeest
589 1612 783 1675 universalis
800 1617 981 1686 conceptus
996 1610 1166 1680 libertatis,

146 1690 369 1750 abstractione
384 1688 469 1750 fricta
484 1692 574 1753 modi
596 1709 660 1769 quc
679 1697 730 1753 est
751 1692 785 1750 in
800 1694 881 1756 Deo,
898 1692 952 1751 vel
967 1690 1096 1767 angelis
1111 1693 1168 1749 aut

146 1770 349 1841 hominibus,
367 1775 417 1830 est
432 1771 541 1846 aliquo
558 1787 659 1832 sensu
674 1773 844 1839 illimitata‚
856 1770 934 1830 licet
947 1768 1167 1846 praescindere

145 1855 297 1926 nequeat
310 1867 329 1910 a
343 1850 466 1928 regulis
480 1851 663 1912 honestatis
680 1860 712 1913 et
727 1853 880 1925 ⁴iustitiam
905 1849 966 1910 sed
991 1849 1094 1910 altera
1117 1855 1167 1910 est

146 1929 322 1990 evidenter
336 1929 377 1990 ad
392 1945 584 1990 mensuram
598 1932 702 2009 ipsius
717 1931 872 2009 subjecti,
887 1947 947 1990 seu
959 1929 1021 1988 illis
1035 1929 1167 2006 legibus

145 2010 330 2072 moralibus
356 2009 593 2071 determinatur
616 2016 649 2071 et
674 2011 799 2090 regitur
831 2010 950 2086 quibus
975 2009 1165 2088 subJ‘ectum

144 2092 266 2149 natura
282 2106 342 2149 sua
358 2091 519 2151 subditur.

189 2171 221 2229 3⁰
237 2170 371 2231 Kantius
386 2186 522 2247 scopum
535 2170 706 2229 'societatis
721 2171 859 2245 politicae
874 2170 1064 2249 negativum
1083 2168 1160 2230 red·

146 2246 206 2317 dit,
225 2252 279 2325 qui
297 2252 417 2309 ex‘toto
435 2252 630 2311 consisteret
643 2250 677 2308 in
693 2254 829 2311 externa
847 2252 1069 2309 coarctatione
1094 2266 1159 2325 qua

144 2326 281 2389 libertas
293 2332 326 2391 in
343 2327 461 2389 debitis
476 2330 630 2389 limitibus
647 2333 871 2390 contineretur
888 2349 895 2389 ε
914 2332 1069 2405 quocirca
1085 2330 1158 2388 baec

144 2409 288 2467 sacietas
313 2408 436 2468 nullam
465 2410 582 2470 virtum
607 2406 874 2487 conjunctionem
899 2409 1005 2480 afferi,
1034 2409 1160 2469 nullum

142 2484 245 2548 finem
274 2504 484 2548 communem
514 2489 667 2549 omnibus
689 2490 847 2549 membris
872 2490 1098 2564 prestitutum,
1122 2494 1159 2549 ut

143 2566 224 2626 nihil
239 2566 345 2627 dicam
363 2572 427 2628 tum
451 2566 492 2628 de
514 2568 675 2628 atheismo
700 2569 799 2646 legali
823 2567 902 2629 inde
926 2573 1052 2639 exorto,
1090 2575 1160 2629 tum

145 2644 188 2706 de
203 2646 336 2707 interitu
361 2649 459 2707 totius
483 2648 677 2709 moralitatis
701 2649 844 2723 publicae
864 2647 1093 2725 proficiscente
1119 2665 1159 2709 ex
1190 2656 1195 2668 '

142 2726 206 2785 hae
229 2724 376 2787 doctrina
401 2746 408 2787 ε
434 2727 607 2786 suicidium
629 2729 727 2798 enim,
755 2728 992 2804 blasphemias,
1019 2730 1157 2807 polyga-

142 2808 255 2875 miam‚
278 2807 452 2879 incestam,
471 2810 561 2867 etc...
589 2806 747 2868 damnare
762 2811 878 2885 nequit
905 2810 972 2869 haec
1002 2812 1153 2883 societas,

143 2886 221 2961 quia
235 2885 302 2946 haee
317 2889 425 2947 omnia
447 2887 587 2948 libertati
603 2887 740 2947 aliorum
754 2904 821 2948 non
839 2888 1030 2950 detrahunt.

141 3006 213 3065 243.
231 3038 269 3047 -
284 3008 402 3067 'laesis
421 3011 545 3083 Scopas
559 3008 694 3078 rrolr'ticac
708 3010 869 3070 societatis
883 3011 917 3071 tit
939 3012 1029 3073 bouils
1049 3020 1155 3073 cater-

182 3087 473 3161 oisccmparaaolis
487 3089 578 3158 sistit,
607 3093 762 3163 qaateaas
786 3090 832 3149 act
854 3106 1056 3151 commanem
1076 3107 1158 3167 pro·

180 3167 368 3239 speritatem
394 3168 599 3241 scapularum
626 3168 846 3229 merabroram
873 3173 1089 3246 scrofarum,
1127 3178 1157 3233 ct

180 3246 305 3304 interno
322 3246 521 3307 moralitatis
536 3248 649 3307 ardiae
664 3248 898 3321 informantur.

180 3358 355 3417 Probatur.
375 3360 491 3433 Quoad
509 3361 661 3437 triplicem
680 3376 744 3438 qua
762 3367 888 3422 canstat
901 3367 1041 3441 partem.

179 3441 261 3498 Pars
286 3441 325 3499 1².
347 3439 402 3499 llic
427 3438 499 3499 linis
514 3438 547 3499 in
568 3441 664 3501 bonis
680 3443 897 3501 exterioribus
920 3446 1155 3518 comparandis

137 3518 234 3577 sistit.
259 3518 384 3593 Scopas
400 3519 487 3579 enim
500 3520 666 3582 sacietatis
682 3521 783 3580 civilis
800 3520 903 3581 debet
918 3538 994 3583 esse
1016 3523 1153 3601 aliquod

138 3596 266 3657 bonum
280 3602 408 3658 actione
431 3605 565 3659 externa
582 3604 615 3659 et
629 3600 774 3659 sensibili
790 3602 985 3676 attingibile,
1004 3603 1095 3680 quod
1110 3606 1154 3665 vi·

137 3692 195 3737 res
205 3677 371 3737 naturales
384 3678 624 3741 elementorum
638 3679 808 3741 socialium
825 3681 989 3742 collectim
1005 3688 1154 3759 sumptas
