2642 4250
426 329 531 372 urbica
551 326 709 373 SPEGIALIS.

89 437 162 502 inde
197 437 385 500 introducta
425 443 476 500 est
513 440 666 517 pecunia,
711 454 786 516 quae
829 442 881 500 est
915 438 1095 501 communis

88 523 268 582 ceterarum
303 517 463 580 mercium
500 535 669 590 mensura,
706 524 740 580 et
778 518 906 581 definiri
939 523 1051 597 potest
1084 540 1093 581 z

89 615 173 661 merx
197 598 236 658 ad
263 602 451 660 ceterarum
476 599 623 661 valorem
650 598 894 679 designandum
925 603 959 659 et
989 602 1097 661 trans·
1206 615 1214 628 ·
1296 604 1297 611 ’

88 677 268 740 vehendum
291 677 470 753 destinata;

126 761 154 820 3⁰
178 760 278 820 Usum
319 761 467 836 pecunia
507 773 582 819 curn
621 757 765 821 dominio
812 756 981 831 confundi,
1020 774 1099 821 narn

90 854 258 980 ggssffiur
268 843 319 901 est
360 854 416 900 res
459 836 640 918 fungibilis,
685 854 757 917 quae
795 840 978 901 absumitur
1016 839 1097 900 dum

93 1043 214 1183 lilith—u
238 1044 358 1106 Tussis.
393 1046 502 1104 deora
529 1041 719 1105 lucratoriae
742 1045 821 1121 jure
850 1043 999 1105 ootttroli
1025 1047 1099 1105 suot

164 1141 190 1184 ze
216 1139 254 1184 aa.

128 1257 216 1317 Noto.
252 1256 330 1316 ture
367 1252 476 1316 divino
503 1256 640 1333 positivo
664 1261 697 1317 et
736 1255 958 1317 ecclesiastico
998 1271 1100 1318 usura

92 1338 173 1396 certo
196 1337 250 1396 est
282 1333 458 1412 prohibita.

129 1415 296 1475 Probatur.
324 1415 353 1474 1ο
374 1415 506 1476 illicitus
527 1417 578 1475 est
594 1413 670 1492 jure
695 1418 822 1475 naturae
845 1414 964 1476 modus
986 1413 1099 1492 acqui·

91 1493 178 1556 rendi
213 1510 292 1572 quo,
326 1495 354 1554 si
388 1497 569 1571 permissus
603 1493 698 1565 foret,
721 1493 817 1556 facile
844 1496 1103 1556 absorberentur

93 1576 256 1653 egentium
281 1571 441 1646 fortunae;
469 1575 560 1652 atqui
582 1574 656 1649 'per
689 1591 808 1636 usuras
842 1575 1034 1637 lucratorias
1067 1573 1102 1636 id

91 1654 197 1725 fie1·et;
222 1654 346 1714 sensim
368 1655 456 1715 enim
476 1655 663 1715 mutuatarii
679 1653 837 1716 solvendo
859 1671 975 1716 usuras
992 1655 1102 1715 omnia

93 1732 266 1810 perderent
288 1740 320 1794 et
342 1733 390 1795 sic
409 1732 453 1812 (l)
475 1751 534 1810 per
548 1750 683 1795 usuram
701 1729 818 1813 aliquis
838 1750 906 1795 non
921 1732 1101 1798 laborando

92 1813 227 1874 fructum
248 1813 370 1875 laboris
392 1814 562 1890 egentium
584 1815 786 1877 exsorberet.
804 1815 900 1892 Ergo.

128 1895 159 1955 2⁰
181 1893 342 1954 Naturalis
367 1894 505 1969 aequitas
527 1909 593 1954 non
616 1895 775 1971 permittit
793 1901 839 1966 ut,
861 1895 896 1954 in
918 1897 1099 1956 commuta-

84 1973 188 2044 tione,
211 1978 245 2033 et
265 1975 299 2034 in
322 1973 468 2050 quolibet
492 1977 663 2034 contractu
692 1975 865 2048 bilaterali‚
897 1975 972 2051 plus
1004 1973 1102 2035 detur

94 2069 186 2131 quam
200 2053 369 2131 accipitur,
385 2068 446 2113 seu
466 2057 503 2113 ut
524 2054 696 2132 aequalitas
718 2069 785 2115 non
801 2059 951 2115 servetur
975 2071 982 2113 ε
1009 2058 1099 2114 utra-

95 2150 154 2211 que
176 2134 262 2194 enirn
286 2148 361 2210 pars
385 2133 428 2194 ad
449 2133 655 2195 tantumdem
681 2135 903 2211 praestandum
925 2133 1100 2213 adstringi·

94 2218 151 2274 tur.
173 2214 271 2291 Atqui
294 2209 522 2287 foeneratores,
553 2214 585 2276 vi
614 2222 801 2277 contractus
831 2217 947 2281 mutui.
980 2212 1103 2292 aliquid

95 2295 222 2371 exigunt
258 2298 380 2369 praeter
409 2297 532 2353 sortem
558 2310 619 2355 seu
647 2293 771 2356 datum.
809 2295 894 2371 Ergo
930 2294 1104 2356 destruunt

95 2374 310 2449 aequalitatem
338 2374 476 2452 alicujus
498 2379 685 2435 contractus
707 2376 885 2436 bilateralis
915 2392 923 2434 :
953 2381 1103 2435 mutuum

95 2452 178 2514 enim
199 2452 241 2513 ad
262 2452 344 2514 illud
357 2470 465 2532 genus
481 2457 705 2514 contractuum
730 2455 902 2517 evidenter
918 2459 1101 2515 revocatur.

129 2532 161 2593 3⁰
175 2533 213 2595 Ut
225 2533 313 2595 licite
329 2535 433 2610 possit
447 2534 575 2611 exquiri
596 2534 724 2594 lucrum
745 2534 890 2611 aliquod,
909 2534 1010 2596 debet
1022 2534 1105 2608 illud

96 2610 176 2691 exigi
197 2628 239 2674 ex
260 2613 369 2689 aliqua
399 2628 447 2686 re,
481 2629 555 2690 quae
593 2630 632 2675 eo
667 2614 752 2691 ipso,
782 2614 875 2691 quod
905 2614 947 2677 ob
976 2615 1105 2675 lucrum

97 2690 197 2763 detur,
216 2708 283 2753 non
306 2692 402 2754 datur
421 2696 580 2773 gratuito;
596 2694 687 2769 atqui
701 2696 734 2754 in
749 2700 864 2755 mutuo
886 2693 964 2756 nibil
979 2698 1030 2755 est
1044 2710 1103 2771 pro

96 2788 155 2849 quo
179 2772 306 2834 lucrum
328 2772 416 2850 exigi
439 2774 553 2849 possit.
579 2774 607 2833 κ’
627 2774 711 2834 Nihil
731 2790 790 2849 pro
814 2775 1026 2836 translatione
1048 2774 1105 2836 do·

96 2852 179 2913 minii
199 2854 249 2913 rei
275 2856 432 2913 mutuatae
452 2854 486 2913 in
507 2855 740 2915 mutuatarium
769 2873 776 2913 :
806 2854 841 2915 id
870 2859 1104 2931 compensatur

96 2948 150 3006 per
170 2936 292 2993 sortem
314 2932 493 3007 redditam
517 2948 628 3011 neque
649 2936 682 2994 2⁰
703 2950 762 3009 pro
778 2950 841 2995 usu
861 2934 910 2993 rei
930 2938 1102 3009 mutuatae,

97 3026 166 3072 narn
188 3027 269 3073 usus
290 3012 440 3088 pecuniae
475 3029 548 3073 curn
577 3012 721 3075 dominio
749 3012 958 3075 confunditur
983 3034 990 3075 :
1013 3014 1103 3074 unde

98 3107 167 3151 usus
198 3092 279 3152 nihil
308 3090 400 3154 addit
431 3092 586 3153 dominia.
624 3094 656 3155 3⁰
697 3093 781 3153 Nihil
821 3110 879 3171 pro
917 3091 1101 3166 commodo,

98 3170 181 3247 quod
203 3187 245 3231 ex
268 3178 382 3234 mutuo
401 3175 619 3234 mutuatarius
632 3173 734 3233 habet
756 3191 763 3231 :
788 3172 995 3235 commodum
1017 3174 1104 3233 enim

97 3255 153 3312 stat
171 3251 205 3311 in
226 3268 304 3321 usu;
330 3267 441 3330 neque
462 3252 499 3311 ’4ο
532 3269 591 3330 pro
613 3252 727 3313 labore
750 3254 783 3312 et
804 3257 879 3314 actu
899 3250 1071 3312 mutuandi
1094 3270 1103 3309 τ

97 3329 142 3391 hic
170 3333 260 3392 enim
282 3331 376 3392 labor
399 3331 519 3393 nullius
541 3332 698 3393 momenti
721 3335 783 3393 est.
809 3330 951 3393 'landem
974 3333 1006 3391 5⁰
1027 3330 1107 3392 nihil

99 3410 179 3487 exigi
199 3416 311 3487 potest
339 3426 397 3486 pro
421 3411 621 3489 obligatione
646 3426 713 3472 non
734 3411 908 3489 repetendi
930 3414 1107 3486 pecuniam

98 3495 282 3563 mutuatam,
299 3490 360 3552 nisi
380 3494 455 3567 post
476 3495 600 3551 certum
626 3495 768 3567 tempus,
795 3489 870 3569 quia
891 3491 1029 3552 seclusis
1049 3495 1108 3554 aul

99 3570 237 3647 periculo
260 3570 371 3645 sortis,
396 3575 452 3631 aut
471 3572 562 3631 lucro
585 3575 747 3643 cessante,
770 3570 838 3632 haec
860 3570 1013 3649 obligatio
1038 3586 1107 3633 non

125 3724 155 3789 (1)
169 3725 408 3791 Schmalzgrueber,
421 3729 478 3796 Jus.
495 3727 557 3777 ecel.
572 3726 595 3799 l.v
605 3742 630 3789 r,
647 3727 689 3777 tit.
705 3726 743 3788 19,
757 3740 786 3778 n.
800 3726 825 3777 9.
