2642 4250
175 289 240 351 252
485 300 665 344 nenvinmuu
684 294 888 340 minosornne

174 423 278 492 potest
301 418 366 476 dari
385 430 544 486 processus
564 415 594 469 in
618 413 767 469 infinitum
783 412 813 466 iu
839 405 948 464 finibus
971 403 1105 483 intentis3

174 498 210 549 2³
234 493 332 562 pers:
365 487 433 543 finis
457 488 591 553 ultimus,
617 488 645 541 10
670 484 816 538 adolium
841 477 973 537 ordinari
992 476 1106 545 nequit,

173 568 207 619 20
217 562 307 618 debet
320 561 407 629 plene
422 559 530 612 satiare
549 559 747 627 appetentem.

211 632 432 690 corollarium.
453 631 531 699 Ergo
545 629 634 683 homo
648 627 748 681 omnia
761 625 902 695 appetere
916 619 1003 675 debet
1016 631 1107 688 prop·

104 731 109 740 ·
172 706 225 760 ter
243 704 379 763 ultimum
393 699 492 757 tinem.¹
816 764 821 774 .
1067 758 1074 770 ,
1116 710 1118 714 ·

87 816 91 823 -
212 778 325 830 Tarsis
343 776 374 829 11.
397 772 529 828 directio
547 767 691 824 hominis
705 765 745 822 ud
761 765 915 820 ultimum
932 761 1042 841 finem,
1061 773 1100 812 in

174 846 292 901 ordine
316 841 431 898 moreti
457 840 654 913 procurando
678 841 704 892 et
728 833 939 906 promouendo
959 834 1019 914 sita
1039 830 1095 899 est3

173 929 263 973 secus
288 917 316 971 10
330 929 390 970 non
404 914 552 969 tribueret
566 909 677 966 homini
695 909 907 980 perfectionem
936 914 1105 970 maximam,

173 991 208 1044 20
230 1001 291 1041 non
313 987 492 1055 congrueret
505 999 573 1038 cum
592 982 657 1052 ipso
675 983 743 1052 tine,
768 981 798 1034 30
821 992 881 1032 non
903 972 1047 1046 penderet
1068 970 1111 1026 ab·

174 1057 372 1126 imminuunt
385 1060 433 1111 est
448 1069 501 1110 ens
516 1055 652 1109 liberum.
951 1115 957 1126 Ι

210 1132 322 1184 Tnesis
351 1128 396 1182 ΙΙΙ.
428 1128 530 1182 Verus
559 1124 634 1192 finis
665 1119 858 1194 simpliciter
895 1116 1032 1171 ultimus
1060 1114 1107 1167 est

173 1199 263 1255 solus
290 1197 382 1254 Deus.
407 1200 539 1253 -Deus
562 1195 643 1250 euim
667 1198 713 1248 cst
732 1188 1010 1258 summumbonum,
1026 1182 1106 1255 quod

169 1270 215 1327 ad
233 1269 315 1325 aliud
329 1284 389 1325 non
404 1269 545 1325 retertur.
1006 1307 1009 1312 .

210 1341 385 1397 Schotium.
407 1340 548 1397 Homines
576 1339 683 1406 sponte
710 1336 827 1389 naturae
851 1329 995 1409 appetunt
1017 1339 1105 1407 suum

176 1410 428 1494 flnem'ultimum,
441 1411 493 1467 sed
513 1422 572 1464 non
583 1422 701 1479 semper
710 1407 821 1462 honum
831 1402 929 1473 ipsum
948 1399 1106 1470 mquohic

123 1530 126 1533 Ι
173 1486 461 1609 ηΒὲΗὲὲἓῖὲῑαάίηε
481 1551 664 1632 abiectius..
804 1619 809 1630 Ι
843 1620 849 1630 ·

112 1657 117 1666 ,
210 1627 322 1679 Tnesrs
332 1627 352 1680 Ι.
368 1622 540 1680 Boetitucto
555 1623 705 1690 objectiva
722 1618 865 1674 hominis
879 1624 915 1675 in
927 1618 1015 1676 nulio
1026 1620 1105 1672 tono

174 1697 282 1750 creato
297 1697 465 1751 consistere
485 1693 596 1763 potest.
617 1720 651 1732 -
666 1694 738 1747 Nam
753 1691 862 1746 bonum
882 1693 971 1760 hujus
986 1685 1106 1760 generis

175 1779 238 1822 non
262 1767 393 1822 excludit
412 1779 529 1820 omnem
550 1763 709 1834 desectum,
730 1777 784 1817 nec
811 1763 946 1817 totaliter
969 1762 1105 1833 quietare

174 1839 277 1908 potest
291 1836 460 1892 facultatem
476 1851 512 1906 ap
535 1834 642 1889 ctendi.

212 1907 263 1962 De
283 1908 475 1964 beatitudine
507 1851 648 1976 ffcrmuti.
670 1905 753 1960 Circa
777 1904 843 1974 ejus
871 1909 1009 1960 naturam
1034 1902 1106 1958 sunt

174 1977 279 2048 piures
294 1979 375 2034 salsae
390 1979 556 2034 sententiae.

211 2051 322 2105 'reneis
336 2053 367 2106 11.
385 2049 551 2106 Beatitudo
563 2045 708 2115 formetis
719 2045 864 2102 consistit
875 2048 911 2101 in
922 2044 1104 2130 operatione

173 2119 292 2176 animae
312 2122 489 2177 rationulis.
507 2149 541 2161 -
556 2119 586 2176 Si
608 2135 668 2174 non
683 2118 860 2174 consisteret
885 2119 914 2174 10
933 2136 970 2173 tn
991 2132 1104 2187 opera-

176 2192 275 2257 tione,
299 2192 410 2248 nullam
425 2193 595 2249 contineret
608 2190 847 2260 conjunctionem
863 2205 930 2245 cum
946 2188 1102 2259 objectiva.

173 2266 208 2317 20
235 2263 266 2318 Si
290 2263 353 2318 haec
391 2265 523 2333 operatio
557 2277 616 2317 non
645 2264 725 2316 esset
745 2260 844 2330 partis
868 2257 1102 2328 intellectualis,

173 2332 331 2389 beatitudo
346 2333 403 2389 dici
419 2349 478 2389 nou
487 2337 589 2403 posset
604 2332 831 2403 perfectissima,
842 2346 897 2385 nec
912 2345 966 2387 nos
976 2330 1103 2399 conjun-

112 2457 118 2469 ,
173 2418 249 2473 gere
268 2404 382 2460 valeret
396 2420 464 2460 cum
479 2405 595 2474 objecto
611 2417 726 2457 summe
741 2402 899 2473 spirituaii.

210 2474 391 2530 Schotium.
435 2478 544 2531 Tamen
581 2474 768 2545 operationes
808 2486 914 2528 sensus
952 2471 1104 2543 pertinere

173 2549 303 2614 possunt
344 2545 555 2602 antecedenter
591 2549 623 2599 et
645 2546 862 2613 consequenter
903 2544 941 2599 ad
973 2542 1103 2597 beatitu-

173 2616 277 2671 dinem
288 2617 452 2673 formalem.

217 2686 320 2741 Variae
334 2687 500 2743 seutentiae
514 2686 721 2755 theologorum
743 2684 824 2740 circa
846 2687 985 2740 naturam
1008 2684 1102 2740 beati-

172 2757 288 2813 tudinis
300 2757 443 2815 formalis.

211 2832 324 2886 Tussis
339 2832 381 2885 ΙΙΙ.
401 2828 562 2885 Formetr's
582 2826 739 2882 beatitudo
768 2826 871 2897 quoad
894 2829 1054 2895 inteprurn
1073 2827 1103 2881 et

170 2900 352 2971 perfectum
381 2904 511 2971 statum,
541 2899 682 2954 includit
704 2901 765 2953 tres
793 2900 881 2951 nctus
910 2916 918 2951 .·
944 2898 1102 2953 visionem

173 2970 241 3043 Dei,
270 2986 411 3027 amorem
439 2976 469 3030 et
486 2971 653 3043 pendium.
677 2998 714 3009 -
737 2970 855 3036 Integra
878 2968 1027 3039 possessio
1041 2969 1106 3025 naec

170 3042 234 3097 tria
247 3056 285 3097 ex
308 3043 389 3098 uirit.
1052 3050 1055 3059 ’

102 3154 106 3160 .
209 3056 605 3182 Schcffiumlssispeciatim
615 3114 755 3181 ageretur
765 3109 989 3166 debeatitudine
999 3124 1104 3181 super·

173 3186 317 3247 naturali.
338 3186 415 3242 visio
430 3186 480 3238 Dei
495 3184 646 3239 diceretur
660 3181 804 3236 beatifica.
1085 3226 1087 3229 .

209 3256 379 3311 scholium
390 3257 420 3311 ΙΙ.
436 3254 592 3311 Thornistee
616 3256 646 3307 et
661 3253 797 3308 Scotistae
812 3267 870 3307 non
889 3251 1054 3323 loquuntur
1067 3249 1105 3307 de

170 3324 291 3381 visione
301 3330 354 3382 aut
368 3341 469 3382 amore
483 3326 640 3396 praecisive
659 3326 789 3394 sumpto,
805 3338 857 3378 seu
871 3328 961 3395 prout
975 3324 1004 3379 hi
1019 3325 1105 3378 acius

170 3396 369 3453 excluderent
383 3396 534 3467 gaudium.
915 3420 920 3431 ·

1161 541 1203 595 53

1159 1042 1199 1095 54

1158 1253 1197 1309 54

1159 1467 1203 1521 55

1156 1970 1201 2024 56

1156 2398 1200 2452 56

1155 2613 1196 2665 57

1155 2754 1194 2809 51

1155 3040 1195 3095 57

1155 3182 1198 3235 58

1157 3395 1197 3449 58

207 3470 323 3523 'tunsis
351 3471 397 3523 lV.
422 3467 458 3522 Si
483 3468 615 3537 speciali
632 3465 726 3521 modo
741 3472 885 3536 speretur
900 3466 936 3521 ote
953 3481 1105 3537 suprema
1188 3524 1195 3535 ,

173 3537 374 3593 beatitudine
389 3538 538 3602 naturali.
550 3542 639 3593 octus
650 3538 832 3608 counitiuus
842 3553 936 3608 quern
954 3538 1103 3603 includit,
1149 3596 1151 3601 ,

173 3609 348 3664 consistere
367 3610 479 3679 nequit
495 3611 531 3664 in
547 3610 632 3665 ctare
644 3611 701 3663 Dei
716 3608 855 3673 uisione;
872 3609 927 3663 sed
946 3609 983 3663 in
998 3610 1105 3680 coqui·

175 3679 264 3733 tione
277 3680 333 3735 Dei
352 3680 535 3750 perfectiori
551 3697 620 3751 quae
633 3695 692 3749 per
715 3679 821 3734 inedia
836 3682 1101 3752 naturaepropor-

173 3750 297 3805 nonen
310 3750 448 3806 obtineri
464 3754 574 3825 possit,
588 3750 703 3821 reponi
718 3750 815 3806 debet.

1157 3750 1197 3806 58
