2642 4250
226 273 266 332 tt
532 295 711 337 annurtnrou
733 295 932 338 virtuosorum

224 405 392 483 objectiva
415 406 655 484 cujuscumque
677 409 810 486 generis
832 410 973 469 obnoxia
993 409 1131 468 realiter
1143 407 1238 471 foret.
1313 440 1315 489 ;

224 485 430 564 Quapropter
444 489 527 548 sicut
543 489 738 548 Hobbesiani
750 489 1062 564 etl'seudo-politici
1078 505 1095 548 a
1112 490 1239 551 ratione
1313 494 1315 551 i

222 567 353 642 publiea
375 570 523 644 proxime
537 569 757 629 moralitatem
779 573 948 645 repetunt,
964 569 1009 628 ita
1031 569 1240 631 rationalistae
1313 574 1315 577 ’

224 647 384 707 aratione
407 647 608 709 individuali.

223 763 274 832 79.
298 805 336 812 -
358 773 465 832 'Parsis
488 774 510 833 1.
536 776 668 838 Actorum
702 772 921 833 hamaucorum
965 773 1138 833 moralitas
1176 789 1241 834 aon
1313 840 1315 859 Ι

260 853 374 924 pendat
416 869 437 910 a
478 853 600 928 lapibus
644 852 808 924 hamanis,
855 870 956 928 acque
1004 854 1044 912 ab
1091 855 1241 928 opinione

264 931 475 1005 populorum.
520 977 521 980 ,

208 1078 212 1089 ‹
263 1045 427 1104 Probatur
452 1048 479 1105 1³
498 1062 590 1121 pars.
623 1045 809 1124 Aliquando
835 1047 929 1124 leges
961 1048 1111 1106 bumana
1135 1062 1236 1122 repu-
1313 1042 1315 1051 '

226 1128 335 1184 tantur
362 1125 498 1204 injustae,
532 1126 596 1186 imo
630 1127 671 1187 de
697 1143 811 1186 earum
838 1127 964 1205 justitia
992 1127 1045 1187 vel
1079 1125 1239 1204 injustitia
1313 1144 1315 1159 ¹

223 1204 372 1266 homines
397 1205 516 1282 singuli
532 1205 696 1285 judicium
716 1204 802 1266 ferre
827 1208 944 1275 solent,
974 1210 1007 1266 et
1034 1204 1239 1283 quandoque

224 1300 300 1345 cum
325 1285 424 1360 plena
446 1285 611 1346 evidentia
625 1286 830 1346 rectitudinis
841 1286 1053 1363 judiciorum.
1076 1286 1186 1361 Atqui,
1211 1290 1240 1347 si

223 1367 387 1424 moralitas
418 1366 515 1425 unice
551 1365 713 1440 penderet
738 1383 779 1426 ex
813 1367 956 1444 legibus,
990 1369 1019 1427 l⁰
1054 1381 1240 1440 numquam

221 1444 315 1521 leges
347 1449 458 1505 essent
490 1444 627 1522 injuste,
653 1449 775 1522 quippe
807 1462 907 1523 quum
933 1449 1046 1506 essent
1072 1445 1167 1523 juste
1196 1461 1237 1504 eo

145 1553 147 1558 ·
222 1524 292 1600 ipso
320 1525 410 1601 quod
433 1530 509 1586 sunt
539 1525 633 1603 leges
665 1527 778 1585 :ratio
795 1525 926 1604 justitiae
942 1525 982 1585 ab
1013 1527 1084 1601 ipsa
1107 1524 1239 1584 ratione

222 1603 305 1681 legis
328 1604 425 1664 unice
461 1603 637 1675 deflueret;
661 1607 693 1666 2⁰
720 1605 760 1666 de
787 1604 980 1666 earumdem
1012 1604 1158 1664 bonitate
1182 1605 1239 1664 vel
1313 1610 1315 1641 ⁵

221 1683 343 1743 malitia
374 1686 543 1760 nunquam
573 1684 812 1764 judicaremus,
857 1701 958 1762 quum
997 1685 1240 1746 constituerent

221 1766 352 1824 unicam
363 1765 676 1842 regulambonitatis
689 1767 869 1834 etmalitire,
893 1781 932 1824 ac
954 1762 1093 1840 proinde
1108 1764 1238 1824 nullum

222 1844 388 1903 criterium
411 1843 569 1904 adbibere
592 1861 767 1920 possemus
797 1843 840 1905 ad
863 1844 1040 1904 ferendum
1063 1844 1124 1903 tale
1140 1843 1236 1921 judi·

153 1994 156 1999 .
221 1923 322 1996 cium;
347 1925 377 1984 3’
411 1925 504 2002 leges
533 1925 619 1985 inter
638 1939 675 1985 se
702 1941 879 2002 numquam
902 1930 1014 1984 essent
1033 1928 1236 2002 pugnantes

221 2016 317 2063 secus
339 2003 418 2063 nihil
447 2008 535 2064 esset
564 2005 598 2064 in
620 2020 655 2064 se
680 2009 714 2064 et
737 2006 887 2064 absolute
917 2003 1083 2063 moraliter
1109 2006 1238 2064 bonum

219 2083 272 2143 vel
297 2083 415 2143 malum
443 2104 449 2145 :
481 2083 570 2161 quod
607 2087 657 2143 est
688 2089 801 2144 contra
846 2099 981 2144 sensum
1024 2098 1236 2144 communem

220 2165 366 2224 omnium
396 2164 577 2224 bominum.
602 2166 686 2242 Ergo
710 2168 779 2223 tum
807 2164 887 2223 ratio
916 2162 1134 2233 individualis,
1162 2168 1234 2224 tum

217 2258 336 2303 sensus
359 2247 550 2311 communis,
574 2241 735 2303 affirmant
759 2242 884 2302 fontem
905 2244 1096 2319 primarium
1126 2258 1235 2303 mora·
1313 2243 1315 2286 ἰ

218 2321 318 2383 litatis
333 2324 449 2398 reponi
464 2339 531 2384 non
552 2339 650 2398 posse
672 2322 1016 2400 inlegibushumanis.
1245 2375 1247 2378 .
1313 2329 1315 2410 g

258 2404 423 2463 Probatur
437 2405 468 2463 2³
480 2419 571 2477 pars.
592 2404 771 2479 Opiniones
789 2406 817 2462 l⁰
829 2407 907 2461 sunt
922 2403 1026 2467 variae,
1043 2402 1232 2470 mutabiles,
1313 2433 1315 2464 ι

220 2480 420 2559 quandoque
443 2484 527 2543 inter
548 2498 584 2541 se
608 2487 810 2563 pugnantem
834 2484 866 2542 2⁰
887 2498 955 2541 non
976 2485 1052 2542 sunt
1067 2498 1165 2542 causa
1180 2483 1235 2542 sui

218 2561 331 2637 ipsius,
354 2563 446 2622 Prius
466 2562 652 2623 membrum
678 2567 806 2622 constat
828 2561 988 2632 arsacio,
1013 2562 1102 2637 quod
1124 2562 1231 2621 nemi·
1313 2599 1315 2640 3

219 2656 296 2701 nem
335 2640 428 2721 fugit,
453 2656 514 2701 seu
536 2658 577 2701 ex
601 2645 674 2719 ipsa
703 2641 906 2719 experientia
932 2642 1085 2702 omnibus
1117 2643 1231 2712 obvia;
1313 2649 1315 2676 ²

221 2721 359 2781 alterum
383 2738 423 2781 ex
452 2720 596 2782 evidenti
618 2722 745 2783 ratione
770 2742 776 2781 :
808 2722 833 2781 si
857 2721 966 2796 opinio
995 2721 1174 2782 haberetur
1195 2727 1235 2782 ut
1313 2729 1315 2784 t

219 2816 318 2861 causa
353 2802 403 2861 sui
444 2803 556 2875 ipsius,
595 2817 715 2878 nempe
751 2804 777 2862 si
811 2800 855 2861 ad
886 2801 992 2860 taliter
1026 2800 1233 2876 opinandum
1313 2809 1315 2848 ἱ

218 2881 368 2941 homines
382 2880 619 2942 inducerentur
633 2898 674 2941 ex
687 2882 748 2941 hac
762 2882 834 2958 ipsa
847 2881 1015 2957 opinione,
1027 2881 1097 2957 jam
1111 2896 1232 2957 seque-

187 3019 189 3023 .
217 2964 309 3020 retur
328 2959 391 3022 hoc
423 2959 632 3021 absurdum:
660 2962 769 3037 opinio
801 2965 890 3020 esset
921 2965 1100 3037 antequam
1127 2967 1229 3029 esset,
1313 2959 1315 3014 t

163 3082 166 3089 ,
216 3054 338 3117 nempe
370 3041 466 3101 simul
498 3044 587 3101 esset
618 3045 652 3101 et
691 3057 758 3103 non
793 3044 892 3100 esset.
925 3042 1033 3110 Esset,
1065 3045 1232 3117 quatenus
1313 3079 1315 3100 .

216 3119 371 3182 motivum
400 3120 441 3180 ad
462 3120 635 3196 ipsammet
650 3120 834 3181 cudendam
859 3134 1013 3194 movens;
1036 3137 1103 3181 non
1127 3127 1228 3190 esset,
1313 3153 1315 3196 ᾗ

215 3216 293 3260 nam
322 3214 389 3260 non
418 3205 468 3260 est
496 3200 584 3261 aliud
610 3198 791 3278 quidquam
813 3200 872 3261 nisi
896 3203 1011 3276 partus
1033 3202 1156 3262 mentis
1188 3216 1231 3260 ex
1313 3203 1315 3280 ,

214 3280 278 3340 hoc
299 3281 420 3341 motivo
442 3284 550 3341 mota*
1021 3345 1023 3348 Ι
1313 3283 1315 3288 -

255 3361 363 3435 Atqui,
391 3362 419 3421 1ο
435 3358 561 3439 judicia
584 3358 822 3421 dehonestate
845 3364 878 3420 et
897 3359 1098 3437 turpitudine
1125 3360 1228 3420 actio·
1313 3375 1315 3385 ²

215 3454 296 3499 num
317 3440 533 3500 humanarum
554 3444 632 3500 sunt
649 3440 865 3501 immutabilia
888 3445 922 3501 ct
942 3439 1116 3500 uniformia
1138 3439 1230 3515 apud
1313 3454 1315 3496 ÷

217 3534 331 3579 omnes
359 3524 479 3597 gentes
504 3520 590 3580 etin
613 3518 703 3579 omni
728 3523 889 3595 tempore.
915 3521 999 3597 Ergo
1025 3519 1229 3597 impossibile
1313 3532 1315 3544 ¹

218 3602 268 3658 est
288 3602 326 3659 ut
345 3599 411 3659 haec
429 3600 552 3677 judicia
572 3600 606 3659 in
620 3600 691 3677 ipsa
714 3598 869 3675 opinione
893 3597 1084 3670 fundentur,
1112 3615 1173 3661 seu
1192 3604 1232 3660 ut
1313 3609 1315 3660 :

217 3679 419 3755 opinionem,
460 3684 618 3757 tanquam
654 3677 846 3740 moralitatis
878 3681 1040 3759 regulam,
1069 3680 1228 3741 babeant.
1313 3713 1315 3724 ι
