2642 4250
191 213 211 276 8
498 231 676 276 nauvnmuu
695 232 898 278 rumosornrn

233 349 263 409 1⁰
283 349 317 408 ln
337 348 496 408 directum
514 354 547 407 et
564 347 758 407 indirectum
774 366 785 406 :
799 347 1022 411 voluntarium
1043 347 1209 410 directum

193 443 254 489 seu
267 428 485 489 voluntarium
499 428 532 486 tu
545 443 578 486 se
593 430 643 486 est
656 425 737 486 illud
757 426 847 504 quod
866 431 901 490 in
919 427 1027 504 seipso
1047 445 1066 490 a
1084 429 1206 490 volun*

192 513 258 570 tate
273 506 436 567 intentum
449 503 523 579 luit,
538 511 574 566 ut
587 506 614 566 si
629 508 703 582 quis
717 507 825 567 sciens
840 515 872 568 et
885 509 1001 569 volens
1015 523 1052 568 se
1066 510 1208 588 projice-

191 591 243 650 ret
265 587 299 648 in
322 603 431 662 mare;
452 585 660 657 indirectum,
682 588 922 660 saucacorum,
946 592 996 648 est
1013 586 1094 648 illud
1113 587 1209 667 quod

191 683 260 730 non
289 665 425 745 quidem
447 665 482 726 in
505 666 614 742 seipso
639 666 802 740 volumus,
828 667 889 728 sed
914 673 1039 728 tantum
1063 667 1099 726 in
1130 669 1208 748 ejus

193 760 302 818 causa,
329 762 404 807 cum
421 747 547 806 scilicet
565 761 669 824 agens
689 752 745 806 aut
761 747 926 824 praevidet
944 753 1000 808 aut
1022 747 1207 824 previdere

191 830 302 906 potest
325 829 358 887 et
377 825 476 888 dehet
491 825 576 885 hunc
593 825 748 886 effectum
762 827 871 888 exilia
886 843 984 888 causa
999 842 1073 888 esse
1089 838 1207 890 conse-

192 911 342 969 cuturum
359 925 366 966 :
383 908 430 966 sie
444 904 652 966 homicidium
669 907 703 967 in
713 906 872 968 ebrietate
889 907 1100 968 commissum
1115 911 1209 969 esset

192 987 422 1059 voluntarium,
438 986 466 1045 si
482 986 600 1062 aliquis
616 984 695 1046 dum
709 986 783 1048 vino
799 1002 873 1048 sese
888 988 1007 1055 obruit,
1024 987 1205 1064 previdere

190 1066 336 1144 potuerit
350 1069 406 1127 aut
421 1064 574 1126 debuerit
587 1081 624 1125 se
638 1065 672 1124 in
687 1067 847 1128 ebrietate
861 1066 1026 1127 homicidii
1048 1083 1205 1144 capacem

191 1145 278 1219 fore3
307 1147 351 1206 lta
375 1145 474 1206 ctiam
495 1145 587 1205 navis
609 1145 750 1224 jactura,
775 1162 846 1223 quae
870 1151 976 1207 nautae
999 1146 1204 1226 negligentia

194 1226 367 1304 contingit,
384 1231 434 1285 est
447 1224 639 1286 voluntaria.

232 1305 457 1366 voluntarium
487 1303 648 1366 directum
673 1308 725 1364 est
746 1304 800 1366 vel
824 1306 962 1379 uctuotc,
988 1305 1079 1383 quod
1104 1305 1206 1366 etiam

190 1385 334 1461 formate
358 1386 552 1462 appellatur,
579 1389 615 1444 ut
637 1400 739 1459 uuum
764 1388 839 1444 actu
863 1385 1014 1447 voluntas
1039 1391 1205 1462 operatur,

192 1465 246 1527 vel
271 1465 423 1536 virtuale,
455 1464 587 1542 quando
613 1464 741 1523 actuale
765 1465 933 1527 moraliter
955 1468 1146 1542 perseverat
1170 1464 1205 1524 in

194 1548 326 1624 agente,
350 1549 383 1605 et
401 1543 504 1606 iniluit
522 1547 556 1604 in
576 1543 648 1621 ejus
667 1545 896 1618 intentionem,
918 1547 980 1606 etsi
1000 1544 1042 1605 de
1061 1545 1132 1621 ipso
1151 1545 1206 1605 hic

193 1629 227 1685 et
240 1640 327 1684 nuno
342 1624 457 1686 volens
472 1640 539 1685 nou
555 1625 689 1702 cogitet,
705 1641 735 1683 v.
753 1639 800 1701 g.‚
818 1625 970 1685 voluntas
989 1623 1208 1686 consecrandi

192 1719 254 1782 per
268 1703 509 1764 distractionem
524 1704 722 1779 interrupla;
737 1704 790 1764 vel
804 1704 980 1776 debititate,
1004 1703 1136 1782 quando
1156 1707 1209 1764 est

191 1785 355 1845 inclinatio
377 1782 419 1844 ad
440 1784 538 1844 talem
558 1788 668 1843 aetum
687 1782 812 1844 actibus
826 1783 1017 1845 voluntariis
1031 1782 1205 1862 acquisita,
1318 1816 1319 1835 κ

195 1861 318 1940 dequo
335 1879 437 1941 agens
451 1880 518 1924 non
535 1865 665 1940 cogitat.

232 1945 264 2003 2⁰
284 1944 319 2003 ln
338 1944 517 2018 perfeetum
536 1947 569 2003 et
586 1942 823 2017 imperfectum.
848 1943 1072 2003 Voluntarium
1096 1944 1209 2019 potest

194 2020 258 2083 dici
276 2021 462 2099 perfectum
481 2039 556 2083 cum
575 2023 679 2084 oritur
693 2038 734 2081 cx
746 2024 847 2099 plena
860 2021 1073 2099 perfectaque
1087 2022 1208 2082 volun·

193 2104 266 2164 talis
290 2104 524 2180 propensione,
547 2107 579 2164 et
602 2100 832 2179 imperfectum
853 2102 985 2180 quando
1009 2101 1045 2163 fit
1069 2101 1208 2181 quidem

194 2198 269 2243 cum
286 2184 462 2244 voluntatis
481 2184 717 2260 propensione,
734 2189 766 2243 et
778 2181 1007 2259 imperfectum
1023 2181 1155 2260 quando
1169 2180 1208 2241 fit

194 2262 330 2340 quidem
351 2279 425 2323 cum
442 2261 617 2324 voluntatis
636 2278 813 2335 consensu,
831 2262 891 2323 sed
911 2278 977 2322 non
1001 2263 1072 2322 sine
1096 2262 1207 2338 aliqua

192 2344 434 2421 repugnantia:
453 2343 525 2404 talis
542 2346 630 2403 esset
645 2347 736 2403 actus
754 2342 944 2403 mercatoris
970 2343 1038 2420 qui,
1059 2345 1209 2417 tempes-

194 2425 260 2483 tate
275 2425 462 2501 ingruenle‚
477 2438 606 2483 merces
621 2437 698 2483 suas
712 2425 745 2483 in
759 2438 850 2482 mare
866 2421 1062 2499 projiceret:
1079 2422 1207 2481 ratione

194 2517 274 2581 ergo
299 2502 492 2562 intensitatis
523 2502 641 2563 dicitur
669 2500 854 2578 perfectum
882 2503 935 2562 vel
963 2499 1206 2578 imperfectum.

193 2580 305 2643 Potest
320 2582 417 2641 etiarn
432 2582 589 2658 appellari
603 2581 826 2642 uoluntarium
838 2581 1030 2657 simpliciter
1045 2585 1079 2641 et
1095 2580 1209 2641 cotun·

193 2663 319 2721 tartum
332 2663 507 2721 secundum
520 2664 608 2737 quid.

234 2740 357 2801 Dicitur
370 2741 540 2801 moraliter
549 2741 731 2817 perfectum
746 2739 879 2817 quando
894 2738 1042 2815 procedit
1055 2754 1075 2799 a
1088 2737 1210 2800 volun-

195 2823 262 2881 tate
279 2836 352 2882 cum
367 2818 514 2896 perfecta
530 2822 717 2900 cognitione
730 2818 803 2880 finis
819 2826 851 2881 et
870 2819 1184 2880 circumstantiarum
1197 2836 1206 2889 ;

196 2900 422 2975 imperfectum
438 2904 516 2960 dum
532 2900 672 2979 cognitio
687 2898 760 2960 finis
775 2904 808 2959 et
822 2899 1007 2960 mediorum
1022 2904 1074 2959 est
1087 2899 1208 2974 imper-

195 2976 290 3039 fecta.
311 2980 433 3039 Petitur
450 2980 517 3039 haec
537 2980 649 3042 divisio
667 2996 708 3040 ex
722 2979 830 3059 gradu
849 2980 1045 3057 cognitionis
1059 2977 1206 3057 singulo·

195 3074 269 3120 rum
284 3060 317 3118 in
334 3060 452 3136 quibus
468 3064 517 3119 est
530 3062 626 3120 actio.

237 3138 268 3198 3⁰
297 3140 332 3199 ln
351 3141 526 3215 positivum
553 3139 807 3214 aldegundem,
837 3142 936 3214 prout
964 3144 1014 3199 est
1042 3136 1127 3199 actio
1155 3133 1210 3196 vel

196 3214 328 3279 omissio
344 3222 419 3295 post
432 3215 693 3279 sollicitationem
707 3216 749 3278 ad
764 3221 885 3278 actum.
1049 3284 1055 3294 ,

235 3298 268 3357 4⁰
283 3298 320 3371 ln
333 3314 519 3373 adpressum
534 3304 566 3357 et
580 3300 714 3359 tacitum
728 3317 738 3357 .·
751 3296 834 3357 illud
849 3301 899 3357 est
913 3295 1004 3373 quod
1017 3292 1120 3372 signis
1134 3310 1210 3355 sen-

197 3374 345 3438 sibilibus
370 3380 404 3438 et
432 3379 576 3439 externis
603 3375 840 3449 manifestatur,
870 3382 962 3454 puta,
991 3376 1116 3445 verbim
1146 3373 1210 3434 hoc

198 3455 288 3533 quod
308 3473 350 3518 ex
368 3458 478 3534 aliquo
498 3457 583 3518 facto
602 3458 656 3519 vel
676 3474 718 3518 ex
742 3455 821 3519 facti
844 3458 1022 3519 omissione
1047 3454 1210 3532 colligitur

94 3592 97 3601 .
198 3536 328 3598 adesse.

237 3616 267 3679 9.
294 3652 333 3663 --
350 3615 538 3677 voluntario
558 3619 736 3693 opponitur
753 3616 1032 3678 involuntarium:
1054 3629 1130 3675 cum
1149 3628 1208 3673 vo·
