2642 4250
453 261 556 304 unum
578 257 736 303 specillis.
1033 282 1041 293 ·
1064 243 1105 304 83

126 375 157 432 1⁰
182 372 346 447 objectum
365 373 504 435 revelari
523 376 631 448 potest
649 392 655 432 :
672 375 782 451 agitur
796 371 885 434 enim
900 371 941 434 de
955 375 1100 435 veritati·

81 452 147 511 bus
170 452 385 527 naturalibus,
407 469 489 530 quas
509 452 649 528 proinde
673 453 770 515 homo
785 454 866 514 alios
880 453 1029 515 homines
1043 454 1102 516 do-

81 547 159 669 (ciere
186 537 313 607 potest;
345 548 425 611 ergo
455 538 488 594 et
515 533 587 610 ipse
616 535 705 594 Deus
733 537 845 610 potest
873 531 1009 594 easdem
1036 551 1100 597 nos

104 626 217 672 ooere.

118 693 153 750 2⁰
177 695 261 751 Deus
279 689 492 766 proiectohas
515 692 672 753 veritates
694 693 867 770 cognoscit
889 712 896 752 :
921 696 973 753 est
992 695 1097 754 omni-

79 771 202 843 sciens;
233 783 303 830 non
331 774 409 848 eget
436 769 552 832 mediis
581 771 821 846 manifestandi,
856 772 1020 850 siquidem
1049 780 1101 835 est

79 851 307 927 omnipotens3
329 865 396 910 non
417 849 512 911 deest
532 851 687 911 motivum
710 851 880 913 revelandi
899 854 958 912 has
976 855 1099 915 verita-

81 933 141 998 tes,
157 946 234 990 nam
250 932 327 988 sunt
342 929 465 991 homini
480 931 685 1002 necessariae,
702 935 759 1009 qui
772 931 911 1010 hujusce
926 933 1097 996 revelatio-

79 1009 129 1067 nis
145 1024 276 1086 expers,
295 1008 352 1068 diu
371 1009 563 1082 laborasset,
585 1015 710 1070 etcum
730 1012 877 1089 periculo
894 1011 1036 1087 errandi,
1055 1013 1099 1074 ad

79 1088 149 1149 illas
162 1089 297 1166 propria
311 1089 470 1152 industria
483 1089 712 1168 inveniendas.

120 1169 613 1230 3011331311333131313113113111
629 1173 782 1246 excipere
797 1172 908 1246 potest
924 1190 930 1230 :
946 1175 996 1232 est
1011 1174 1097 1233 enim

80 1245 233 1309 facultate
258 1249 465 1327 intelligendi
489 1249 642 1325 preditus
665 1269 672 1308 :
699 1249 794 1310 discit
818 1254 874 1309 aut
897 1251 1096 1312 inveniendo

79 1345 188 1404 perse
209 1335 267 1389 aut
284 1330 475 1406 recipiendo
496 1329 537 1390 ab
554 1329 634 1390 aliis
651 1329 736 1407 Ergo
749 1329 838 1389 nulla
853 1330 1098 1408 impossibilitas

79 1411 113 1467 ut
127 1409 282 1470 veritates
298 1409 465 1469 naturales
486 1410 575 1469 Deus
589 1409 726 1471 revelet.

116 1490 282 1549 Probatur
300 1490 331 1548 2³
346 1504 428 1564 pars
443 1505 504 1550 seu
525 1489 724 1564 possibilitas
746 1489 957 1550 revelationis
976 1493 1097 1552 verita-

80 1571 144 1627 tum
174 1570 485 1648 supernaturalium,
513 1568 672 1629 consimili
693 1573 901 1647 argumento.
925 1571 954 1630 1ο
972 1571 1098 1631 Dantur

78 1649 233 1708 veritates
247 1649 516 1724 supernaturales
530 1667 536 1707 :
551 1649 640 1708 Deus
651 1654 739 1708 certo
751 1649 852 1708 multa
870 1650 1038 1728 cognoscit
1053 1650 1097 1710 ad

79 1743 149 1805 quae
164 1729 407 1804 liomo,⁴utpote
421 1728 639 1805 intelligentia
657 1726 748 1788 finita
767 1727 931 1805 praeditae,
946 1745 983 1789 se
999 1728 1095 1790 attol-

76 1807 145 1868 lere
160 1809 279 1885 nequit
293 1811 422 1884 proprio
443 1812 575 1868 conatu.
591 1808 759 1885 Ejusmodi
774 1810 938 1880 veritates,
954 1825 1021 1869 non
1041 1826 1094 1872 se·

80 1903 135 1947 cus
151 1905 191 1948 ac
205 1889 385 1962 naturales,
406 1893 484 1948 sunt
497 1901 649 1948 sermone
667 1886 828 1959 estabiles,
844 1887 1009 1964 siquidem
1022 1891 1096 1966 ipse

78 1967 175 2028 horno
195 1967 318 2044 profari
336 1971 446 2043 potest
459 1967 556 2028 etiam
572 1968 728 2028 veritates
748 1983 830 2044 quas
849 1983 916 2028 non
930 1969 1093 2047 intelligit.

77 2047 162 2125 Ergo
177 2064 245 2108 non
275 2046 372 2108 deest
386 2047 554 2126 objectum
570 2052 695 2125 aptum.

113 2130 148 2188 2⁰
173 2130 263 2190 Deus
281 2128 372 2189 nulla
391 2129 574 2207 ignorantia
595 2132 629 2188 et
643 2127 732 2188 nulla
747 2127 939 2205 impotentia
954 2128 1094 2202 laborat,

76 2206 221 2286 ideoque
238 2211 409 2287 cognoscit
426 2212 458 2268 et
477 2208 578 2267 habet
598 2208 632 2268 13
647 2211 803 2283 promptu
817 2207 927 2268 media
941 2207 1096 2289 manifes-

77 2287 177 2349 tandi.
206 2291 361 2348 Motioom
383 2290 452 2348 Deo
479 2286 613 2365 dignum
640 2287 738 2347 etiam
757 2301 824 2348 non
844 2286 940 2348 deest
961 2306 968 2347 ε
989 2289 1095 2365 gloria

75 2367 146 2441 Dei,
163 2369 258 2447 cujus
278 2365 403 2428 infinita
423 2367 584 2443 sapientia
604 2370 711 2441 magis
725 2366 831 2444 fulget
848 2366 882 2426 in
897 2366 1014 2429 ordine
1034 2385 1092 2430 ex-

76 2450 182 2521 terno,
209 2452 243 2508 et
270 2447 377 2525 major
398 2446 557 2524 perfectio
583 2446 734 2514 hominis,
758 2446 854 2524 cujus
874 2446 1095 2526 intelligentia

74 2528 227 2603 superius
254 2527 412 2598 evehitur,
437 2530 471 2587 et
494 2526 646 2587 voluntas
661 2525 703 2586 ad
722 2523 902 2587 ferventius
916 2526 1095 2589 amandum

76 2607 179 2668 excita
185 2611 237 2668 tur
251 2623 293 2666 ex
304 2607 367 2666 hac
381 2606 681 2682 supernaturalium
696 2604 970 2668 manifestatione.

112 2688 145 2747 3⁰
167 2688 216 2747 Ex
240 2694 333 2764 perte
357 2686 498 2747 hommis
522 2686 759 2747 revelationem
784 2686 979 2761 excipientis
1002 2688 1093 2749 nulla

74 2767 170 2827 etiam
185 2764 706 2843 deprehenditurimpossibilitas.
718 2766 817 2827 Homo
827 2768 915 2826 enim
927 2771 978 2827 est
988 2784 1093 2845 capax

75 2846 258 2923 recipiendi
280 2848 444 2908 actionem
462 2846 522 2905 liei
543 2844 721 2907 revelantis
740 2863 746 2902 :
768 2844 1012 2922 quadamtenus
1035 2864 1091 2909 co-

73 2942 238 3006 gnoscere
249 2932 359 3003 potest
369 2926 641 3002 supernaturalia,
655 2922 788 3002 quando
805 2928 834 2985 31
850 2932 1092 3002 proponuntur.

113 3007 183 3068 152.
200 3042 240 3051 -
252 3007 430 3067 Sctottrrm.
452 3007 485 3065 Si
503 3005 637 3081 speciali
652 3003 752 3064 modo
767 3007 922 3080 mysterio
938 3008 1090 3068 conside-

72 3102 195 3155 remus,
213 3086 321 3148 statim
336 3085 486 3147 videmus
496 3084 664 3146 hominem
678 3099 777 3160 posse
792 3085 922 3145 illorum
938 3088 1091 3163 excipere

71 3168 319 3228 revelationem.
345 3166 412 3226 Etsi
431 3165 624 3243 mysterium
644 3161 771 3223 dicatur
794 3168 828 3224 et
847 3164 890 3224 sit
912 3182 971 3241 pro
994 3167 1092 3229 nobis

73 3262 123 3307 res
136 3247 339 3317 abscondita,
363 3248 430 3307 sive
448 3242 559 3320 quoad
579 3244 786 3303 existentiam
801 3246 870 3304 sive
886 3245 997 3321 quoad
1012 3245 1090 3306 inti-

72 3342 156 3386 mam
171 3328 348 3397 rationem,
363 3328 474 3384 tamen
495 3322 573 3383 dum
588 3323 764 3393 revelatur,
775 3340 847 3390 ,non
863 3329 1014 3385 remanet
1027 3326 1090 3388 sub

72 3408 161 3468 omni
180 3408 341 3483 respectu
359 3402 599 3464 absconditum.
617 3404 718 3463 llomo
740 3403 956 3477 conceptibus
975 3406 1091 3467 analo-

71 3486 121 3564 gis
135 3486 293 3563 intelligit
313 3484 392 3561 quid
411 3486 453 3545 sit
466 3486 584 3545 veritas
599 3482 652 3543 illa
667 3482 823 3553 revelata,
839 3482 917 3542 licet
929 3485 1091 3547 rationem

72 3566 286 3627 intrinsecam
308 3564 409 3643 hujus
432 3564 578 3625 veritatis
604 3562 749 3639 ignoret.
780 3560 982 3638 conceptum
1007 3580 1088 3644 ergo

72 3647 254 3725 proprium,
286 3649 324 3706 ut
357 3645 536 3724 opponitur
571 3641 723 3719 analogo,
761 3657 830 3702 non
863 3642 975 3718 habet,
1010 3645 1091 3707 licet
