2642 4250
482 287 575 333 runnx
594 286 792 334 smannens,
1084 275 1147 340 253

158 405 270 459 Tarsis
298 405 333 459 V.
361 403 463 459 Potest
487 390 582 460 homo
606 406 728 459 ratione
750 404 903 470 naturali,
928 406 1053 463 seclusa

117 473 196 544 tide,
220 475 274 529 sin
299 474 410 529 minus
434 477 518 529 certo
543 489 739 545 euanescere,
765 475 877 531 saitem
904 479 1053 548 probabi·

118 545 242 601 tissime
258 546 415 614 conjicere
429 545 515 616 quod
528 561 588 615 pro
606 549 692 600 statu
705 546 816 614 futuro
832 546 927 602 bomo
938 549 1050 618 justus

26 666 27 685 2
118 617 163 672 sit
178 631 340 671 summam
359 617 590 671 beatitudinem
606 621 846 672 consecuturae.
871 646 905 658 -
919 619 949 674 ld
963 621 1045 677 enim

25 698 27 745 j
118 687 273 756 colligitur
286 702 322 741 ex
337 687 475 756 dogmate
489 688 721 743 immortalitatis
732 690 850 760 animae,
866 693 943 745 etex
958 705 1050 763 appe·

119 758 180 812 titn
195 760 298 814 innato
311 757 516 813 beatitudinis.

544 871 578 920 11.
597 871 636 921 De
653 871 721 935 lege.

155 971 217 1025 Lex
235 972 282 1025 est
296 969 444 1025 ordinatio
458 968 582 1025 rationis
601 969 638 1023 ad
652 969 763 1025 bonum
782 983 939 1025 commune
958 971 995 1026 ab
1013 987 1050 1027 eo

117 1043 171 1112 qui
199 1041 289 1096 habet
312 1056 414 1096 curam
438 1041 669 1112 communitatis,
689 1041 887 1111 promulgata.
914 1043 1049 1098 Partitur

120 1115 150 1166 1⁰
160 1116 191 1167 in
202 1112 340 1181 divinam,
350 1127 415 1182 que
424 1124 470 1166 est
480 1114 592 1166 aeterna
602 1112 649 1165 vel
660 1112 843 1181 temporalia,
854 1115 884 1167 et
898 1114 1049 1168 2011111113-

117 1198 198 1255 nam,
210 1198 277 1253 quae
292 1182 492 1237 subdividitur
514 1183 629 1236 ratione
643 1183 752 1251 objecti
761 1183 792 1236 in
806 1183 1039 1239 ecelesiasticam

115 1255 285 1324 etcivilem,
301 1256 331 1308 et
346 1255 462 1308 ratione
476 1253 556 1320 modi
571 1254 600 1306 in
616 1254 758 1322 scriptam
773 1256 803 1308 et
819 1268 877 1308 non
892 1256 1045 1324 scriptam.
1099 1255 1140 1312 59

143 1326 192 1379 ‘De
220 1325 391 1379 existentia
413 1323 491 1394 lepis
514 1325 646 1378 natura.
670 1327 783 1378 'tunsis
820 1325 840 1378 1.
866 1323 983 1380 Existit
1006 1327 1045 1380 in

114 1395 246 1450 bomine
263 1395 311 1449 tex
334 1394 502 1450 naturatis.
528 1422 562 1434 -
581 1394 740 1448 Probatur
760 1394 789 1449 10
814 1409 852 1448 er
871 1397 1046 1452 testimonio

112 1467 313 1535 conscientiae,
336 1469 367 1520 20
381 1480 418 1521 ex
433 1481 468 1520 eo
481 1463 562 1535 quod
576 1466 664 1520 homo
679 1465 766 1520 debet
780 1465 844 1535 ipse
862 1480 934 1522 suos
958 1471 1045 1523 actus

112 1537 151 1592 ad
165 1537 255 1591 finem
267 1537 403 1592 ultimum
418 1537 543 1590 reterre.

148 1607 329 1664 Schotium.
358 1609 419 1662 Lex
441 1606 586 1662 naturalis
609 1608 701 1676 prout
723 1605 892 1678 concipitur
913 1606 945 1662 in
970 1610 1041 1682 Deo,

115 1678 227 1734 dicitur
236 1679 281 1734 lex
294 1680 417 1733 aeterna.

148 1752 257 1805 Tussis
279 1752 311 1806 ll.
338 1750 401 1804 Lex
432 1747 591 1802 naturalis
611 1746 859 1816 fundamentum
888 1751 934 1803 est
964 1747 1044 1820 lepis

111 1821 269 1891 positione,
280 1825 310 1875 et
325 1821 395 1890 ipsa
405 1818 655 1888 fundamentum
668 1819 755 1872 babet
774 1820 812 1873 in
823 1834 971 1889 supremo
984 1821 1042 1876 Dei

109 1893 257 1946 dominio
275 1892 310 1945 in
325 1907 373 1945 res
389 1905 508 1944 omnes.
528 1919 562 1930 -
576 1892 603 1944 10
616 1904 690 1958 pars
711 1889 862 1960 colligitur
876 1906 913 1944 er
935 1893 1041 1946 immu-

112 1962 258 2017 tabilitate
272 1966 302 2016 et
311 1961 533 2033 praeexistentia
553 1961 625 2029 legis
641 1961 795 2031 naturalis,
811 1965 842 2015 20
857 1975 893 2015 ex
909 1976 944 2016 θο
960 1963 1042 2033 quod

107 2033 160 2102 ju‘s
174 2033 224 2088 Dei
239 2035 269 2088 in
285 2048 340 2088 nos
353 2032 496 2087 tundatur
510 2032 541 2087 in
557 2046 696 2101 supremo
711 2032 776 2102 ejus
790 2032 928 2088 dominio.

113 2107 117 2118 “
143 2106 254 2159 Tussis
268 2106 311 2159 lll.
330 2105 483 2159 Primum
499 2106 693 2173 praeceptum
712 2103 788 2173 iupis
804 2103 962 2159 naturalis
981 2119 1040 2160 seu

107 2175 435 2245 universalissimum,
456 2176 494 2229 ab
517 2174 581 2229 aiio
605 2176 839 2244 praesupposito
863 2190 931 2230 non
951 2175 1040 2231 iteri-

108 2251 217 2301 uatum
246 2250 276 2301 et
299 2248 371 2316 tons
399 2258 435 2301 ac
450 2245 543 2301 radix
569 2244 711 2301 otiorum
736 2251 780 2300 est
805 2265 813 2300 :
838 2246 965 2302 Bonum
992 2250 1039 2303 est

105 2317 291 2387 faciendum
313 2322 341 2373 et
357 2317 480 2372 maium
494 2317 675 2371 uitandum.

140 2390 183 2443 De
198 2388 368 2444 duratione
381 2389 496 2459 tepum.
511 2390 622 2442 Tussis
637 2389 656 2441 l.
675 2386 739 2441 Lex
753 2387 911 2443 naturatis
931 2390 1038 2443 stricte

106 2464 236 2529 sumpta
258 2459 443 2515 nuliatenus
467 2462 587 2514 mutari
615 2460 726 2529 potest,
757 2459 825 2529 quia
847 2459 984 2529 praecipit
1006 2458 1039 2514 id

106 2531 187 2657 ‘1⁰an
201 2546 258 2600 per
277 2546 310 2586 se
328 2534 375 2586 est
393 2530 505 2585 honum
519 2534 550 2584 et
567 2529 705 2599 probibet
718 2528 749 2583 id
763 2528 843 2599 quod
855 2543 914 2599 per
933 2544 965 2583 se
990 2532 1038 2585 est

106 2614 137 2656 m
168 2616 227 2657 um.

109 2732 112 2737 ,
141 2675 251 2728 Tuasrs
264 2674 296 2728 ll.
313 2670 377 2727 Lex
386 2668 545 2727 naturalis
559 2685 626 2725 non
634 2669 1037 2741 accipitottspensationem

103 2746 237 2813 proprie
255 2745 385 2799 dictam.
451 2795 453 2798 .

60 2841 68 2861 ·
140 2817 251 2870 Tussis
275 2817 316 2869 lll.
333 2815 397 2870 Lex
410 2813 522 2869 diuina
539 2812 678 2882 positiva
701 2812 850 2881 abropari
868 2813 977 2881 potest.
997 2840 1034 2854 -
1120 2868 1123 2877 ,

104 2885 227 2941 Constat
242 2887 270 2940 10
290 2900 327 2941 ex
341 2886 430 2955 iacto,
445 2888 476 2939 20
491 2900 528 2939 ex
543 2884 681 2938 libertate
695 2882 885 2952 legislatoris.

137 2956 317 3011 Schotium.
343 2959 383 3012 De
398 2954 482 3010 variis
500 2954 596 3009 merlis
611 2955 718 3024 quibus
737 2953 848 3008 mutari
861 2957 960 3025 postet
974 2952 1024 3009 lex

102 3028 205 3081 divina
217 3028 356 3098 positiva.
1105 3028 1121 3040 “

138 3098 182 3153 lte
204 3099 382 3167 sanctione,
401 3112 468 3167 quae
483 3095 533 3151 dat
552 3095 608 3165 legi
624 3094 796 3150 efficaciam.
821 3098 942 3151 Tussis.
965 3096 1032 3151 Lex

102 3169 260 3224 naturalis
282 3169 403 3224 sariciri
428 3168 517 3223 debet
537 3167 681 3236 praemiis
700 3170 729 3220 ct
751 3168 867 3236 pinnis,
889 3181 958 3236 qum
981 3167 1023 3223 ad

100 3240 246 3307 futuram
258 3242 356 3295 vitam
366 3240 558 3309 pertineant.
573 3240 602 3293 10
616 3253 690 3307 pars
701 3238 845 3307 probatur
855 3252 892 3292 ex
902 3238 1022 3304 ‚iustitia

101 3312 162 3383 Dei,
178 3315 209 3365 20
224 3326 261 3365 ex
276 3312 452 3366 necessitate
467 3307 622 3364 exhibendi
634 3308 825 3362 sanctionem·
841 3322 908 3377 qum
928 3308 1031 3365 cilica-

100 3381 176 3435 citer
190 3386 310 3437 moveat
325 3383 355 3435 in
370 3381 506 3436 omnibus
520 3381 677 3449 adjunctis.

136 3452 315 3508 Sotiatium.
332 3455 424 3507 Datur
438 3451 567 3506 variatas
582 3452 613 3505 in
627 3451 682 3505 hac
697 3450 858 3504 sanctione.

136 3524 178 3578 De
210 3524 472 3594 interpretatione
502 3522 602 3590 legum
634 3521 840 3589 positivarum.
874 3522 1029 3593 Multiplex

100 3608 196 3717 {renus
219 3593 485 3667 interpretationis.
508 3592 629 3662 Regulae
647 3590 855 3663 primordiales
874 3593 1026 3667 interpre-

115 3666 234 3721 ationis,
