2642 4250
459 311 561 353 nrnrci
584 310 759 354 orsenius
1077 292 1113 350 tl

144 426 212 486 liaec
243 424 319 487 vitia
350 442 412 502 per
441 441 616 486 excessum
655 424 912 501 magnanimitati
944 424 1117 501 speciatim

102 512 325 582 opponuntur,
349 507 402 566 cui
422 507 520 566 etiam
540 522 600 582 per
620 502 788 566 defectum
809 503 1003 565 adversatur
1012 503 1117 580 pusti-

103 585 278 658 ldormitus‚
297 601 361 663 qua
382 586 465 664 quis
479 585 546 646 suis
568 585 690 646 viribus
710 586 754 645 ita
770 583 898 658 diffidit,
920 589 957 645 ut
975 582 1119 663 refugiat

104 661 208 726 oiiioia
230 665 293 726 sibi
313 670 404 726 recte
418 665 571 741 imposita
587 666 732 742 explere.

143 744 226 804 Vitia
248 762 318 823 que
343 746 414 807 aliis
443 745 616 808 virtutibus
640 742 823 806 fortitudini
851 743 988 804 adnexis
1016 759 1118 821 oppo-

34 859 37 863 -
103 828 236 897 nuntur,
265 842 326 903 per
348 827 451 902 ipsam
479 825 693 904 negationem
717 825 836 884 harum
858 825 1025 898 virtutum,
1051 838 1116 882 non

105 909 215 965 autem
231 906 365 966 nomine
380 904 524 984 proprio,
543 905 710 986 designari
724 905 854 966 solent„

519 1161 646 1225 CAPUT
667 1162 693 1222 ΙΙ

403 1329 442 1373 ΒΕ
461 1328 619 1374 participiis
637 1327 820 1374 Druncriws.

141 1449 192 1510 76.
217 1483 256 1491 -
279 1449 442 1510 Hactenus
466 1449 507 1510 de
523 1450 691 1526 principiis
706 1449 854 1510 elicitivis
870 1447 1118 1524 disputavimus,

107 1529 174 1588 sive
201 1529 320 1590 nativis
348 1533 381 1590 et
404 1530 645 1600 essentialibus
673 1529 741 1589 sive
767 1528 934 1605 acquisitis
961 1534 994 1589 et
1020 1544 1121 1606 supe-

103 1607 241 1669 radditis
283 1626 344 1670 seu
374 1608 645 1670 accidentalibus.
683 1607 749 1668 Sed
779 1609 846 1669 haec
876 1609 1046 1686 principia,
1084 1613 1121 1669 ut

105 1687 257 1758 elicitiva,
281 1703 317 1748 se
344 1687 493 1749 referunt
513 1689 554 1749 ad
575 1707 640 1750 esse
663 1689 830 1764 physicum
855 1693 987 1748 actuum
1008 1689 1119 1749 huma-

103 1785 233 1840 norum,
244 1768 323 1830 inde
339 1767 381 1830 ad
396 1770 555 1846 objectum
565 1770 737 1829 materiale
746 1771 915 1844 praesentis
926 1767 1116 1846 disciplinae;

104 1849 322 1926 quamobrem
346 1847 387 1909 ad
418 1849 576 1927 principia
614 1848 768 1909 directiva
792 1864 853 1908 seu
872 1848 1119 1910 determinativa

104 1944 169 1988 esse
188 1929 328 1988 morulis
350 1943 437 1988 nunc
463 1929 595 2007 migrari
616 1934 747 2004 oportet
769 1947 776 1988 ε
796 1928 864 1987 haec
883 1928 1043 2004 principia
1075 1930 1117 1989 ad

104 2008 266 2083 objectum
279 2009 422 2083 formate
442 2008 558 2070 Ethicae
580 2008 867 2069 determinandum
886 2011 1049 2084 spectant.

143 2089 216 2149 lam
240 2087 274 2149 in
303 2087 450 2149 secundo
476 2088 610 2150 articulo
637 2088 816 2165 superioris
840 2089 953 2164 capitis
976 2085 1118 2166 gradum

101 2166 245 2229 fecimus
272 2166 315 2228 ad
340 2172 535 2244 praesentem
563 2166 829 2245 disputationem¹
860 2168 1025 2245 siquidem
1054 2167 1115 2229 dis·

103 2248 217 2310 tinctio
240 2247 327 2309 inter
341 2248 471 2309 habitus
492 2250 661 2320 honestos,
688 2264 749 2308 seu
770 2249 917 2320 virtutes,
937 2254 969 2309 et
988 2248 1118 2310 habitus

101 2343 236 2403 pravos
261 2344 321 2388 seu
351 2329 437 2401 vitia,
468 2330 564 2388 unice
593 2326 750 2389 fundatur
784 2328 817 2387 in
851 2328 1013 2402 relatione
1045 2345 1117 2389 rum

102 2408 271 2484 principiis
287 2408 460 2470 directivis.
484 2410 607 2468 Tamen
623 2408 664 2469 de
680 2409 750 2468 istis
769 2408 946 2477 habitibus
971 2406 1118 2469 methodi

101 2491 199 2547 rectae
220 2504 330 2562 causa,
355 2493 495 2549 tractare
511 2489 685 2563 oportebat
710 2492 889 2565 antequam
903 2486 945 2549 ad
960 2488 1118 2565 principia
1196 2540 1199 2545 .

103 2565 261 2628 directiva
278 2566 508 2630 deveniremus
532 2586 539 2626 :

142 2646 303 2724 Equidem
328 2649 457 2709 habitus
479 2645 679 2707 considerari
693 2649 834 2722 possunt
857 2648 887 2707 l⁰
910 2647 970 2707 suh
992 2648 1117 2707 ratione

102 2724 232 2786 formali
251 2728 389 2801 daddus
403 2733 438 2788 ut
448 2728 542 2787 unice
555 2725 706 2802 superius
721 2725 870 2797 lecimus
880 2728 912 2786 2⁰
920 2727 981 2787 sub
990 2728 1117 2788 ratione

102 2798 229 2867 formali
265 2810 505 2883 principiorum
539 2806 617 2867 boni
648 2806 758 2880 operis
792 2806 844 2865 vel
875 2805 1115 2883 peccotipjam

103 2901 183 2947 vero
198 2886 261 2947 sub
277 2888 338 2947 hoc
361 2884 509 2948 secundo
531 2888 700 2962 respectu,
725 2883 929 2952 subaudiunt
952 2886 1020 2964 Jam
1038 2902 1118 2945 con-

104 2969 219 3027 stituta
239 2968 397 3043 principia
429 2966 605 3037 directiva;
631 2970 666 3024 at
694 2982 763 3025 non
804 2965 883 3025 item
903 2967 964 3027 sub
994 2966 1115 3040 priore,

102 3044 270 3106 habentur
292 3047 376 3106 enim
399 3050 477 3107 tunc
491 3050 528 3106 ut
548 3046 634 3106 vires
651 3048 763 3106 activae
779 3043 934 3105 :aliunde
952 3045 1116 3105 distinctio

101 3126 269 3203 generalis
289 3128 374 3187 inter
393 3128 529 3187 virtutes
546 3130 578 3185 et
592 3124 670 3186 vitia
680 3124 713 3185 id
726 3129 852 3185 tantum
863 3125 978 3197 innuit
995 3138 1117 3200 nempe

102 3204 172 3266 dari
195 3204 343 3283 quaedam
367 3207 526 3282 principia
550 3203 717 3265 directiva,
747 3206 860 3281 ltaque
882 3204 989 3281 gradu
1010 3208 1115 3274 recte,

100 3284 229 3361 opinor,
267 3289 404 3346 tractare
435 3289 568 3362 oportet
601 3284 642 3345 de
677 3284 854 3357 habitibus
897 3286 958 3345 sub
993 3283 1117 3345 ratione

98 3362 228 3427 formali
253 3364 394 3437 habitus
427 3370 605 3443 antequam
630 3362 674 3423 ad
698 3364 858 3442 principia
894 3363 1046 3425 directiva
1080 3379 1116 3424 se

100 3449 272 3505 convertat
287 3446 528 3506 commentatio.

142 3524 177 3584 ln
208 3525 360 3600 praesenti
382 3525 499 3602 capite,
525 3540 663 3602 agemus
687 3525 716 3584 i⁰
743 3520 785 3582 de
811 3522 979 3600 principiis
1006 3521 1114 3583 direc-

98 3602 174 3665 tivis
195 3602 229 3663 in
251 3620 389 3683 genere,
420 3606 451 3666 2⁰
478 3604 520 3666 de
546 3604 713 3682 principiis
738 3601 902 3665 directivis
927 3605 962 3665 in
988 3603 1112 3681 specie,

100 3687 172 3744 tum
190 3685 344 3758 externis,
370 3689 439 3747 tum
452 3686 599 3746 internis
