2642 4250
465 296 568 360 annm
589 294 747 339 srucnns.
782 306 785 313 ·
1042 279 1111 339 lto

78 406 223 469 Deinde
242 409 314 468 sine
333 407 493 485 religione
514 409 731 485 tranquillitas
750 410 879 471 socialis
895 414 927 470 et
941 426 1016 492 pau,
1035 427 1109 488 quae

80 491 141 547 est
171 491 309 548 maxima
332 504 409 564 pars
434 486 596 548 felicitatis
624 491 824 566 temporalis
850 488 907 550 diu
930 491 1110 551 consistere

78 568 218 646 nequit.
238 568 356 628 solutis
372 569 411 628 ab
428 571 517 628 omni
531 568 606 646 lege
622 567 730 629 divina
750 574 783 629 et
800 571 915 630 morali
936 573 1108 632 conscien-
1146 586 1148 589 ·

79 647 155 718 tiis,
179 650 248 726 jam
272 647 314 706 ad
341 649 527 708 communia
551 645 655 708 officia
684 649 754 709 vite
782 649 882 710 civilis
911 653 944 708 et
971 651 1109 725 politice

80 726 284 788 sustinenda
299 734 487 787 remaneret
502 728 571 787 sola
585 731 633 788 vis
646 728 834 796 materialis,
850 745 922 806 quae
935 744 1003 789 non
1017 729 1106 790 sufli-

81 809 146 880 cit,
166 812 199 866 et
212 805 409 882 caeteroquin
425 805 634 886 tyrannidem
647 809 891 869 intolerabilem
904 807 1013 869 infert.

128 887 294 947 Probatur
315 888 351 945 ll.
369 887 502 946 Constat
522 903 562 946 ex
579 890 651 961 ipsu
670 904 781 947 rerum
796 893 916 948 acturo
930 889 1109 948 Ecclesiam

83 969 123 1026 et
133 970 256 1027 statum
266 964 434 1042 politicum
449 968 562 1027 intime
578 967 734 1045 conjungi
749 968 883 1028 debere.
899 969 1027 1027 Etenim
1041 983 1108 1028 non

81 1055 231 1121 possunt
251 1045 487 1107 rationabiliter
499 1050 649 1120 separari
664 1050 840 1108 societates
863 1063 1002 1124 quarum
1024 1046 1110 1107 fines

82 1141 161 1185 non
171 1130 247 1186 sunt
255 1132 369 1185 mutuo
385 1127 537 1202 separati,
555 1131 587 1186 et
603 1143 742 1203 quarum
756 1128 859 1188 iidem
873 1132 950 1187 sunt
964 1125 1105 1188 subditi:

84 1207 214 1266 etenim
233 1209 260 1265 l⁰
273 1203 356 1264 fines
378 1205 579 1267 adinvicem
602 1208 799 1267 intrinsecus
818 1205 959 1268 ordinati
981 1223 1106 1284 neque-

83 1290 151 1345 unt
173 1301 234 1360 per
252 1285 454 1344 voluntatem
479 1286 617 1364 alicujus
640 1289 812 1363 potestatis
834 1287 988 1346 humanae
1014 1289 1108 1347 aliter

84 1371 203 1426 mutuo
220 1365 404 1434 senatore,
423 1365 543 1425 eodem
558 1373 652 1441 pacto
669 1382 707 1425 ac
721 1364 806 1426 effici
820 1370 936 1443 nequit
948 1371 985 1426 ut
999 1367 1107 1427 circu-

84 1445 142 1503 lus
164 1447 205 1504 sit
230 1444 423 1521 quadratus;
440 1447 471 1504 2⁰
485 1446 512 1504 si
527 1445 626 1506 iidem
642 1450 719 1505 sunt
732 1445 865 1518 subditi,
881 1463 1002 1522 nempe
1017 1447 1044 1506 si
1066 1449 1104 1508 ii-

87 1523 167 1583 dem
185 1525 336 1584 homines
351 1533 427 1584 sunt
440 1527 520 1586 socii
534 1527 704 1603 utriusque
725 1527 900 1598 societatis
917 1531 1005 1585 certo
1022 1523 1107 1586 effici
1203 1525 1207 1530 “

85 1606 250 1680 nequitut
264 1605 296 1662 in
312 1605 429 1663 iisdem
440 1608 515 1666 ctors
530 1621 548 1664 a
561 1605 662 1678 fideti,
675 1622 736 1666 seu
750 1605 838 1666 idem
848 1607 944 1667 homo
958 1611 1106 1666 asemel-

88 1685 159 1759 ipso
183 1690 362 1760 separetur,

128 1765 224 1840 Atqui
253 1768 279 1824 1υ
303 1763 376 1822 linis
400 1764 564 1824 societatis
592 1763 692 1823 civilis
712 1769 763 1824 est
780 1763 927 1824 medium
951 1769 1106 1840 respectu

87 1841 159 1902 finis
174 1843 326 1903 Ecclesia
345 1863 351 1902 ε
369 1843 531 1903 societatis
546 1844 634 1901 enim
650 1844 750 1904 civilis
764 1859 885 1919 scopus
901 1849 951 1903 est
964 1844 1103 1904 felicitas

89 1923 289 1996 temporalis,
306 1927 470 1999 quatenus
486 1927 536 1982 est
549 1925 680 1998 propria
695 1924 850 1991 lrominis;
868 1923 929 1984 sed
944 1928 1105 1998 tempora-

87 2003 126 2063 lis
144 2002 283 2062 felicitas
304 2003 445 2063 hominis
463 2002 505 2063 ad
524 2000 623 2060 finem
637 2003 799 2072 ultimum,
828 2019 889 2063 seu
908 2002 951 2063 ad
965 2003 1102 2063 felicita-

89 2087 153 2143 tem
166 2088 322 2143 aetemam
339 2091 427 2144 certo
443 2081 584 2142 ordinari
601 2081 711 2152 debet,
728 2098 794 2143 non
810 2098 908 2144 secus
919 2101 957 2144 ac
968 2099 1105 2161 gressus

86 2164 216 2223 viatoris
232 2162 274 2223 ad
289 2168 413 2221 metam
427 2162 573 2222 ultimam
588 2162 729 2234 itineris3
745 2165 777 2222 2⁰
791 2161 881 2225 idem
901 2172 951 2224 est
970 2164 1101 2243 subJ'ec-

87 2248 154 2304 tum
168 2243 340 2318 utriusque
358 2242 534 2312 societatis,
550 2244 587 2301 ut
600 2256 661 2315 per
678 2258 714 2301 se
729 2247 830 2319 patet.

124 2323 208 2401 Ergo
230 2324 392 2399 separatio
415 2326 519 2381 status
538 2320 661 2397 politici
679 2323 719 2381 ab
740 2322 884 2382 Ecclesia
910 2328 960 2383 est
983 2322 1104 2400 aliquid

86 2418 238 2480 pugnans
268 2412 381 2461 eontra
410 2402 619 2461 essentialem
643 2416 755 2460 rerum
777 2402 939 2462 ordinem.
966 2404 1036 2477 Qua
1062 2403 1104 2462 de

87 2498 184 2542 causa
205 2483 250 2542 ait
275 2483 423 2541 Becanus
446 2480 488 2558 (l)
515 2498 564 2544 :.‹
584 2481 663 2540 lllud
685 2482 899 2542 statuendum
922 2487 972 2542 est
992 2488 1104 2543 contra

85 2564 246 2639 politicos,
264 2578 364 2640 reges
380 2566 413 2619 et
432 2560 596 2636 principes
616 2560 809 2621 christianos
827 2577 894 2629 non
913 2564 958 2621 ita
978 2562 1103 2623 debere

86 2658 299 2719 suaregnaac
305 2643 487 2717 provincias
499 2638 738 2711 administrare,
751 2648 787 2701 ut
798 2643 1104 2719 omnemreligionis

87 2728 118 2782 et
132 2722 284 2783 Ecclesia
300 2738 409 2781 curam
425 2720 587 2797 abjiciant,
605 2724 774 2797 tamquam
788 2721 867 2781 nihil
887 2721 929 2780 ad
944 2738 980 2781 se
1001 2725 1103 2798 perti-

15 2872 16 2875 *
85 2808 233 2875 nentem,
252 2808 285 2863 et
298 2806 461 2877 usurpent
474 2798 556 2859 illud
571 2797 831 2861 donatistarum:
856 2800 943 2874 Quid
961 2802 1100 2876 impera-

86 2883 146 2942 tori
163 2882 413 2943 cumEcclesia?
429 2880 518 2956 quod
535 2882 706 2955 tantopere
720 2880 934 2955 reprehendit
947 2882 1099 2959 Augusti-

83 2978 146 3022 nus
160 2962 216 3023 lih.
232 2962 268 3021 ll.
286 2980 314 3021 o.
331 2961 390 3020 litt.
408 2959 498 3019 Petll.
517 2974 545 3018 o.
562 2960 602 3020 92
619 2982 646 3018 r.

119 3044 285 3102 Probatur
300 3042 350 3100 lll.
367 3040 454 3099 Ordo
471 3038 622 3113 politicus
644 3043 677 3098 et
694 3038 833 3099 societas
853 3038 952 3101 civilis
968 3056 1035 3100 non
1051 3045 1104 3099 est

81 3120 344 3198 independensa
354 3122 440 3191 Deo;
454 3118 676 3179 sedvoluntas
687 3119 747 3179 Dei
761 3118 910 3179 absoluta
925 3124 975 3179 est
988 3123 1026 3179 ut
1036 3136 1102 3179 om-

80 3218 141 3262 nes
152 3203 302 3263 homines
313 3215 396 3260 vera
410 3198 561 3275 religioni
575 3214 612 3257 se
627 3199 813 3278 subjiciant,
828 3199 983 3277 cultuque
997 3198 1103 3275 publi

15 3276 16 3317 l
81 3297 119 3341 co
137 3296 234 3341 suum
247 3294 439 3357 supremum
460 3278 633 3339 Dominum
653 3282 687 3338 et
703 3277 893 3339 Creatorem
908 3280 1028 3339 colant.
1043 3279 1100 3339 Er-

15 3562 17 3605 l

15 3698 18 3819 l

80 3378 122 3439 go
143 3362 294 3421 voluntas
316 3361 376 3419 Dei
398 3358 546 3418 absoluta
568 3362 618 3418 ast
638 3362 676 3419 ut
705 3357 785 3419 ordo
814 3358 965 3434 politicus
988 3373 1100 3418 veram

80 3440 274 3519 religionem
301 3437 504 3516 profiteatur,
531 3437 722 3516 cultumque
750 3438 919 3516 publicum
946 3452 1099 3515 supremo

80 3522 219 3583 Domino
234 3521 377 3582 onmium
391 3534 502 3579 rerum
516 3517 645 3579 reddat.
759 3529 765 3543 ‘

113 3696 144 3759 (1)
160 3694 244 3746 Duell.
256 3692 287 3742 de
300 3692 412 3757 primatu
426 3688 496 3753 regio
509 3689 566 3749 1.·3,
582 3704 605 3738 c.
621 3688 645 3738 8.
