2642 4250
521 239 704 283 nuntiamus
724 238 921 283 rultosotutuu

632 346 759 442 curor
780 381 803 441 1.

509 549 547 594 bu
568 547 729 593 sociarunt
751 548 928 594 nonusmcs.

258 671 326 734 199.
354 705 392 715 -
416 673 562 734 Societas
584 675 768 751 generatim
793 677 924 751 sumpta
942 677 1054 752 potest
1075 671 1228 736 definiri:

215 754 342 812 tunctto
358 752 508 827 plurium
522 755 556 812 tn
570 770 771 814 cornmuoem
793 755 936 829 attonem
948 755 1044 829 ficem
1061 755 1128 816 suis
1146 758 1230 815 octi-

216 831 275 892 bus
289 834 559 906 conspirantium
574 840 629 900 aut
643 833 713 894 aliis
727 833 837 894 verbis
854 853 861 894 :
881 834 959 894 Unio
973 836 1094 894 entium
1107 834 1227 894 antelli-

215 913 325 986 oenta'o
339 917 368 972 et
383 913 530 972 libertate
539 915 756 988 praeditorum
769 915 802 972 r'u
811 915 1069 988 prosecutionem
1086 913 1232 990 alicujus

246 1066 313 1116 Voci
324 1067 373 1130 jus
387 1066 511 1130 assignari
524 1065 606 1116 solent
619 1066 697 1116 variae
713 1068 872 1132 etymologiae
887 1083 893 1116 :

249 1131 273 1179 1ο
287 1129 464 1180 iurisconsulti
495 1129 618 1178 eneratim
633 1129 726 1180 docent
737 1135 779 1195 jus
791 1145 807 1179 a
812 1133 896 1194 jussu
908 1145 953 1180 seu
962 1130 1081 1194 jubendo
1094 1129 1208 1182 derivari
1224 1148 1230 1180 ε

215 1193 242 1241 in
258 1194 306 1242 hoe
320 1207 395 1241 sensu
405 1192 469 1258 jusi
489 1206 528 1240 em
542 1191 638 1240 diceret
652 1207 681 1240 ac
694 1191 745 1240 lex.

245 1255 271 1304 2⁰
290 1254 406 1304 Secunda
425 1252 549 1304 derivatio
564 1259 601 1302 est
618 1257 646 1302 ut
661 1254 713 1317 jus,
733 1254 798 1303 sicut
811 1253 890 1303 sentit
903 1253 1036 1319 Ulpianus,
1049 1270 1065 1303 u
1075 1254 1175 1318 justitia
1189 1258 1233 1304 de-

214 1322 369 1376 nommetur,
383 1324 428 1366 aut
438 1316 512 1380 juxta
526 1318 552 1366 S.
568 1315 703 1375 Isidorum,
719 1331 765 1379 per
779 1331 913 1381 syncopem
926 1333 942 1366 a
955 1332 1015 1366 voce
1024 1317 1133 1379 justum
1151 1318 1234 1368 effor-

214 1385 298 1427 metur
322 1393 328 1427 t
351 1385 413 1428 tunc
426 1379 467 1442 jus
479 1377 548 1427 idem
562 1376 717 1442 significaret
731 1393 760 1427 ac
770 1378 870 1443 justum
882 1383 908 1428 et
921 1392 1031 1443 aequum,
1046 1378 1114 1442 quod
1128 1384 1167 1430 eat
1181 1380 1234 1430 ob-

215 1441 307 1490 'ectum
323 1440 432 1490 natiuae.

211 1457 221 1506 J
244 1501 271 1552 3ο
291 1457 333 1552 Ab
353 1504 411 1552 aliis
433 1501 467 1565 (1)
491 1501 634 1574 concipitur
651 1507 681 1551 ut
698 1516 792 1551 nomen
808 1502 989 1568 primigenium
1008 1503 1078 1567 quod
1096 1507 1135 1553 est
1156 1503 1234 1553 radix

211 1564 318 1630 justitiae
341 1579 347 1612 :
367 1567 422 1614 haec
440 1566 550 1613 nominis
564 1566 743 1629 mterpretatio
757 1566 884 1627 superiori
901 1580 953 1615 non
971 1567 1117 1637 opponitur,
1131 1566 1153 1614 si
1165 1582 1235 1615 con-

184 1645 187 1652 “
214 1634 303 1692 ceptus
325 1629 405 1676 reales
428 1627 623 1686 consideremus,
649 1641 708 1676 nam
727 1627 825 1691 justitia
848 1644 864 1677 a
883 1628 941 1691 jure
962 1629 1061 1677 derivat
1079 1627 1108 1675 in
1130 1629 1234 1678 rabone

215 1688 315 1756 objecti,
335 1705 365 1738 ac
383 1688 488 1738 subinde
506 1689 532 1737 in
547 1703 638 1753 genere
654 1703 737 1738 causae
750 1689 842 1750 finalis,
856 1691 916 1740 licet
926 1689 1023 1755 justitia
1041 1688 1075 1739 sit
1087 1704 1164 1739 causa
1177 1691 1236 1739 essi-

214 1751 285 1802 ciens
297 1751 336 1800 aui
350 1752 405 1816 obje
420 1750 450 1810 ti,
464 1766 508 1799 seu
517 1750 596 1814 juris;

246 1816 271 1862 4⁰
288 1815 317 1863 ln
336 1813 477 1863 vernaculis
494 1812 598 1878 linguis,
622 1813 665 1876 jus
686 1811 772 1875 (dreit.
795 1813 893 1875 diritto,
915 1815 1021 1876 drecho,
1040 1815 1101 1876 etc.)
1119 1830 1133 1864 a
1151 1813 1234 1864 verbo

213 1876 292 1926 latino
307 1876 425 1946 diripere
437 1872 515 1937 venit,
533 1878 558 1924 et
575 1874 666 1924 exinde
683 1875 850 1926 directionem
866 1893 911 1926 seu
928 1876 1115 1927 ordinationem
1132 1880 1233 1925 rectam

230 1937 331 1986 rimitus
350 1938 492 2002 significare
514 1937 622 1987 videtur.
642 1938 777 2000 Equidem,
795 1943 824 1988 ut
844 1944 943 1989 constat
961 1955 992 1988 ex
1008 1939 1083 1988 dictis
1101 1937 1174 2000 (136),
1186 1938 1234 2001 jus

213 1954 335 2050 fundatur
349 2001 399 2049 ini
418 2004 497 2048 sumet
511 2014 597 2049 rerum
611 1998 739 2048 essentiali
759 2001 919 2050 ordinatione
938 2000 972 2050 ad
990 2001 1066 2050 linem
1083 1999 1205 2049 ultimum
1226 2014 1232 2047 :

213 2064 267 2112 haec
281 2063 353 2112 enim
368 2016 493 2112 ordinatio
508 2067 545 2111 est
560 2063 615 2110 tons
629 2061 742 2110 omnium
755 2063 896 2113 officiorum
908 2067 934 2111 et
943 2063 1050 2127 jurium.

197 2166 198 2171 ,
244 2127 297 2175 lllae
321 2125 448 2175 distinctae
471 2124 649 2184 derivationes
671 2125 692 2172 si
714 2126 793 2189 probe
815 2126 990 2191 intelligantur
1012 2131 1039 2175 et
1060 2125 1233 2189 applicentur,

212 2188 280 2237 inter
300 2204 327 2237 se
347 2189 442 2237 nullam
461 2186 646 2251 oppositionem
663 2185 802 2249 important
822 2202 828 2236 :
844 2188 887 2252 jus
900 2187 968 2237 enim
982 2187 1110 2237 iuvenitur
1122 2186 1150 2235 iu
1162 2188 1234 2249 lege,

212 2251 252 2299 lex
269 2252 296 2299 in
306 2250 369 2314 justi
382 2256 407 2299 et
421 2262 487 2311 aequi
501 2249 596 2299 ambitu
611 2247 766 2310 continetur,
781 2248 847 2299 sicut
859 2264 959 2314 aequum
972 2255 998 2299 et
1009 2252 1106 2315 Justum
1119 2250 1235 2298 inrecta

212 2312 372 2361 ordinatione
389 2312 517 2371 adfinem,
531 2310 667 2379 praecipuae
681 2310 807 2373 ultimum,
822 2314 957 2375 reperitur.
983 2355 987 2366 ,

244 2376 342 2425 Passim
352 2374 417 2437 juris
430 2375 532 2423 nomine
545 2372 615 2421 venit
627 2376 704 2421 etiam
717 2372 772 2437 ipsa
786 2390 837 2433 ars,
852 2374 905 2423 sive
918 2372 1022 2423 scientia
1029 2372 1134 2438 jurium,
1145 2374 1171 2423 id
1181 2379 1233 2425 est.

213 2438 311 2501 legum3
327 2436 539 2501 quemadmodum
552 2434 685 2483 medicinae
698 2450 792 2484 nomen
805 2436 879 2485 initio
893 2436 929 2484 im
947 2436 1040 2485 ositum
1052 2436 1137 2486 est‘ad
1150 2436 1235 2500 signi-

213 2498 339 2549 ficandum
353 2500 575 2557 medicamentum,
590 2496 682 2544 deinde
695 2496 898 2548 denominatione
957 2498 1054 2561 objecto
1069 2498 1100 2548 ad
1114 2497 1236 2548 habitum

214 2562 325 2611 scientiae
338 2562 471 2621 translata,
487 2575 534 2608 vox
548 2559 636 2607 illaad
651 2558 841 2622 significandam
856 2562 937 2626 ipsam
950 2565 1032 2609 artem
1045 2576 1101 2625 quae
1115 2560 1235 2610 medicu-

214 2629 299 2673 menta
314 2622 456 2687 hujusmodi
471 2622 597 2686 applicare
612 2621 694 2681 docet,
710 2623 898 2672 accommodata
911 2625 958 2671 est.

246 2688 280 2736 ll.
297 2684 384 2745 Quoad
398 2700 455 2733 rem
466 2684 507 2749 jus
520 2687 603 2747 potest
617 2683 773 2732 considerari
787 2688 841 2734 tum
854 2684 879 2733 in
895 2700 930 2745 se,
945 2683 971 2733 id
985 2690 1024 2734 est
1039 2685 1170 2750 objective,
1184 2702 1234 2734 seu

215 2747 388 2807 materialiter,
413 2750 466 2796 tum
494 2744 634 2795 formaliter
659 2762 703 2794 seu
726 2742 753 2793 in
770 2746 857 2809 aliquo
874 2747 996 2813 subjecte,
1016 2748 1159 2811 etquidem
1176 2748 1235 2797 late

215 2811 254 2857 vel
268 2808 363 2857 stricte.
379 2827 397 2854 «-
407 2809 462 2868 Jus,
478 2807 513 2856 ait
526 2808 628 2869 suarez,
643 2806 772 2856 interdum
797 2808 921 2872 signifieat
938 2810 1059 2858 moralem
1073 2810 1234 2872 facultatem,

214 2870 349 2933 aliquando
370 2886 430 2918 vero
449 2873 531 2933 legem
549 2885 605 2932 quae
627 2874 666 2917 est
694 2872 781 2934 regula
799 2871 904 2921 honeste
924 2871 1045 2936 operandi
1062 2877 1089 2923 et
1105 2872 1133 2920 in
1153 2873 1236 2921 rebus

214 2933 349 2996 quamdam
364 2936 508 2995 aeqtutatem
527 2930 667 2992 constituit,
686 2934 725 2982 vel
744 2937 783 2981 est
801 2932 867 2982 ratio
881 2933 960 2997 ipsius
969 2934 1036 2998 juris
1052 2934 1134 2987 oriori
1152 2935 1236 2983 modo

216 2994 330 3105 concepti
352 3013 365 3039 >a
385 2996 428 3057 (2).
447 2996 540 3045 inlato
562 3008 637 3041 sensu
651 2994 684 3043 ad
695 2995 737 3058 jus
753 2994 917 3058 subjectivum
933 2995 983 3044 duo
996 2988 1124 3061 pertinere
1137 2996 1218 3045 viden

214 3060 278 3105 tur:

207 3114 209 3119 Ι
312 3068 320 3085 ⁰
336 3060 363 3103 ut
381 3056 444 3105 illud
461 3057 529 3119 quod
543 3054 617 3104 alteri
631 3056 748 3116 debetur,
765 3056 929 3119 impleamus3
947 3058 974 3107 2⁰
988 3064 1016 3107 ut
1032 3059 1096 3109 illud
1111 3058 1178 3123 quod
1199 3058 1236 3106 ab

212 3118 270 3168 aliis
283 3118 397 3167 debitum
411 3118 484 3166 nobis
498 3122 546 3177 est,
560 3118 660 3180 exigere
675 3118 799 3182 pessimus
814 3133 820 3166 ε
835 3117 894 3168 hinc
903 3119 955 3183 jus,
971 3118 1008 3169 sic
1022 3121 1073 3169 late
1086 3124 1234 3185 acceptum,

218 3180 324 3245 dispesci
343 3185 427 3251 potest
440 3178 467 3227 in
480 3180 658 3242 obligationem
672 3196 717 3228 seu
730 3181 858 3244 officium,
877 3187 903 3231 et
925 3184 1056 3233 moralem
1070 3190 1235 3247 potestatem

213 3258 259 3292 seu
276 3258 319 3307 Jus
334 3240 515 3306 significatione
530 3241 651 3291 strictiori
666 3248 692 3291 et
703 3242 802 3306 vulgari
817 3249 949 3309 acceptum
962 3244 1037 3307 (tos).

239 3458 270 3513 [lt
285 3459 472 3512 schmalagrueber‚
487 3458 581 3500 luseocl.
596 3469 681 3511 prooem.
696 3469 718 3497 n.
734 3458 755 3501 2.

242 3578 272 3633 (Ξ)
287 3579 315 3619 De
329 3576 367 3627 leg.
383 3574 397 3617 l.
416 3586 431 3623 r,
445 3584 464 3615 c.
479 3584 503 3613 u.
645 3544 646 3547 Ἰ
