2642 4250
410 637 756 714 BREVIARIUM

186 844 1076 1019 curiosorum}-

369 1157 818 1334 sononnsucn

236 1557 431 1654 TERTIA
454 1556 591 1632 PARS
613 1557 714 1632 SEU
735 1559 936 1635 ETHIOA

487 1762 694 1808 GOMPLECTENS

202 1906 267 1969 JUS
287 1904 458 1967 NATURAE
480 1904 678 1966 PRIVATUM
698 1905 748 1966 ET
767 1904 971 1970 PUBLICUM.

489 2172 699 2233 Prooemium.

128 2330 155 2389 l.
171 2360 209 2370 -
223 2328 382 2410 Definitio.
398 2360 437 2370 -
451 2329 565 2389 Etlttco
579 2345 673 2391 suam
686 2330 787 2391 habet
806 2334 1060 2410 appellationem
1075 2358 1094 2403 a

90 2424 166 2469 voce
180 2424 284 2487 graeca
299 2412 366 2485 ἠθος
385 2424 455 2486 quae
474 2424 584 2470 mores
599 2424 660 2471 seu
680 2414 955 2477 consuetudinem
969 2420 1092 2498 signifi·

92 2492 155 2563 cat3
170 2504 279 2549 mores
295 2491 382 2550 enim
397 2490 474 2549 sunt
492 2492 732 2565 propensiones
750 2496 807 2552 aut
822 2495 995 2558 nobiscum
1012 2507 1096 2565 natae

92 2571 144 2628 aut
160 2584 223 2629 usu
244 2565 410 2645 frequenti
433 2575 635 2643 comparata.
661 2570 773 2630 Ethica
796 2588 888 2651 erge,
911 2576 1007 2655 juxta
1029 2582 1096 2642 vim

91 2648 175 2709 vocis
197 2653 356 2725 spectata,
377 2653 428 2709 est
445 2648 512 2707 hec
535 2646 705 2724 disciplina
726 2666 796 2726 quae
814 2652 848 2712 in
868 2660 1096 2735 comparandis

92 2743 148 2803 per
173 2728 418 2789 assuetudinem
441 2728 570 2803 optimis
594 2729 741 2790 moribus
763 2738 911 2793 versatur
936 2757 943 2798 :
969 2740 1095 2818 itaque,

91 2805 323 2885 significatione
367 2806 536 2879 consimili,
588 2809 761 2884 disciplina
810 2816 948 2877 moralis
995 2820 1096 2883 latine

91 2892 231 2948 vocatur.
352 2931 355 2937 ·

128 2966 177 3027 Ad
197 2964 422 3028 definitionem
442 2964 568 3025 realem
592 2964 683 3043 quod
707 2970 832 3041 attinet,
860 2973 971 3038 Ethica
985 2982 1095 3043 stricte

94 3044 229 3107 describi
246 3050 357 3122 potest
378 3063 385 3105 ε
403 3048 546 3107 Scictttto
559 3048 721 3121 practico,
742 3066 813 3124 quae
833 3057 922 3115 octus
940 3058 1097 3123 demones

96 3126 136 3185 ad
147 3126 341 3186 honestatam
354 3127 475 3201 diripit.

131 3206 159 3265 1⁰
180 3206 236 3267 Est
256 3206 401 3274 scientio,
427 3205 504 3283 quia
528 3205 759 3267 rectitudinem
787 3212 989 3289 regularum,
1015 3234 1097 3296 quas

94 3282 195 3359 tradit,
218 3284 433 3345 demonstrat.
453 3286 685 3347 Verumtamen
706 3290 756 3347 est
775 3290 873 3349 etiam
893 3309 956 3368 ars,
979 3304 1095 3376 quate-

93 3379 152 3425 nus
166 3364 263 3425 tradit
276 3380 408 3425 normas
422 3372 512 3426 recte
523 3366 666 3438 vivendi,
679 3383 717 3427 ac
731 3368 870 3443 proinde
883 3376 1001 3448 quibus
1013 3381 1097 3441 actio

94 3444 230 3505 humana
244 3444 287 3505 ad
303 3443 450 3513 debitum
462 3444 563 3507 finem
579 3445 728 3525 dirigitur
741 3446 776 3526 (l,
796 3448 863 3527 14);
879 3452 1002 3534 itaque,
1020 3476 1098 3537 qua-

96 3526 187 3584 tenus
206 3523 340 3603 regulas
358 3525 545 3603 praescribit,
567 3530 617 3585 est
635 3541 703 3598 ars;
727 3531 760 3587 et
780 3533 943 3606 quatenus
962 3539 1099 3603 easdem

71 3611 73 3687 ᾗ
97 3600 304 3680 demonstrat,
320 3604 420 3667 habet
433 3606 592 3666 rationem
606 3608 759 3667 scientiae.

417 3700 499 3750 Bnnv.
512 3699 588 3751 Pmu.
601 3700 632 3751 Τ.
647 3699 737 3750 1111-
749 3700 775 3751 1.
