2642 4250
444 285 554 339 ¹nuonn
573 285 762 331 srnorrrcna

478 425 695 489 ARTICULUS
717 429 753 488 ll.

435 561 476 614 Do
490 562 589 629 officiis
603 562 695 628 quoad
714 576 828 630 eorpus.

144 673 256 744 Tussis
277 675 298 729 1.
318 674 397 732 dure
418 678 540 731 naturae
566 676 769 747 prohibitum
784 680 829 732 est
858 677 977 734 directe
996 683 1026 736 et

105 745 243 815 propria
265 744 426 801 voluntate
450 762 482 801 se
500 748 690 816 interfecere,
717 762 786 804 nani
806 749 963 805 suicidiunr
982 755 1029 807 est

107 819 139 869 1⁰
173 819 330 872 aetusDee
348 817 520 889 injuriosus,
553 821 584 872 2⁰
621 819 701 873 laesio
726 819 840 888 jurium
869 821 1028 890 societatis,
1064 874 1069 883 ,

106 889 141 938 :3⁰
155 887 321 943 maximum
335 888 546 943 detrimentum
559 890 651 943 inl'ert
666 902 730 944 sese
745 889 945 947 interficienti.
1085 896 1121 951 92

144 942 322 1013 Scholion.
338 962 445 1014 Tamen
460 960 496 1014 ob
508 961 621 1029 justam
638 974 755 1014 eausam
770 961 858 1016 homo
870 966 970 1032 potest
985 963 1031 1019 di-

106 1029 237 1083 serimen
251 1031 356 1085 mortis
372 1033 506 1085 tentares
1084 1037 1120 1093 93

144 1103 254 1155 Tnns1s
267 1103 299 1155 ll.
314 1101 517 1169 Mortificatio
533 1100 708 1156 christiana
721 1101 792 1170 juri
813 1107 935 1158 natnrae
955 1121 1031 1162 eon-

105 1174 209 1224 sonat.
222 1173 339 1226 -Nam
355 1174 384 1227 κ’
398 1175 444 1226 est
458 1172 585 1226 medium
599 1171 753 1240 redigendi
768 1174 848 1228 vires
861 1177 1031 1245 eorporales

106 1241 163 1296 suh
173 1242 224 1310 jus
238 1241 437 1314 ditionemque
456 1243 591 1311 rationis,
604 1246 634 1297 2⁰
650 1242 749 1298 reddit
763 1245 910 1300 rationem
931 1247 1032 1303 viotri·

105 1326 170 1366 uem
183 1313 214 1366 in
228 1311 366 1368 conflictu
384 1328 451 1369 eum
465 1327 563 1368 sensu.
1082 1321 1118 1376 93

142 1383 186 1438 De
196 1383 316 1452 injusta
334 1385 533 1454 oppressione
544 1382 733 1454 repellenda.
746 1414 780 1426 -
793 1389 903 1442 Tussis
915 1389 934 1442 l.
946 1386 1030 1444 Li'oi·

106 1457 174 1508 lum
186 1456 233 1509 est
242 1455 382 1510 occidere
393 1455 553 1526 injitstum
563 1457 743 1510 invasorem
755 1457 794 1511 eol
810 1459 1030 1526 defensionem

108 1527 178 1580 uitae
193 1529 221 1580 et
241 1526 434 1596 intepritetis
453 1527 681 1594 membrorum,
696 1530 724 1580 et
740 1529 836 1582 etiam
849 1529 1029 1604 pudicitiae,

103 1599 225 1651 ¹seruato
241 1599 346 1651 tamen
364 1597 583 1652 moderamine
599 1597 772 1668 inculpata>
788 1600 901 1654 tutelae.
913 1604 1031 1658 -Nam

104 1668 134 1720 in
149 1665 320 1723 discrimine
334 1668 403 1723 ritae
416 1672 467 1722 aut
482 1668 580 1722 damni
596 1668 810 1738 aequivalentis,
821 1671 872 1740 jus
886 1671 1030 1728 innoeen-

105 1737 143 1792 tis
159 1739 349 1808 anteponitur
360 1739 422 1808 juri
436 1740 543 1793 nefarii
556 1740 713 1794 invasoris
1083 1747 1118 1801 94

113 1816 116 1822 “
139 1811 249 1865 Tunsrs
263 1810 293 1864 ll.
305 1809 383 1865 Jnre
395 1812 515 1864 natura
530 1809 645 1865 illicita
659 1813 736 1864 sunt
748 1813 875 1879 priuata
885 1815 1030 1869 certami-

106 1895 157 1949 na,
178 1895 246 1950 qua
265 1879 373 1935 duella
390 1883 550 1936 vocantur.
571 1883 664 1936 Homo
693 1882 724 1936 in
755 1881 846 1936 vitam
873 1899 927 1939 neo
946 1899 1029 1940 suam

105 1964 159 2004 neo
171 1951 297 2006 aliorum
306 1952 357 2022 J'us
371 1953 464 2008 ullum
477 1951 575 2008 habet.
1081 1959 1117 2014 95

134 2020 459 2077 Scholion-Dumium
472 2037 527 2092 per
541 2037 573 2076 se
588 2023 698 2077 nullam
707 2023 795 2078 habet
806 2026 1028 2094 proportionem

101 2107 169 2147 eum
182 2091 241 2149 line
255 2093 369 2149 intento
383 2109 400 2149 a
412 2093 624 2165 pugnantibus,
1076 2102 1111 2157 95

511 2235 637 2298 CAPUT
665 2237 715 2297 lll.

154 2379 157 2384 ’
263 2383 303 2425 on
318 2381 446 2426 ornruns
462 2380 589 2445 nonrnrs
604 2380 688 2423 nnoa
702 2381 791 2425 lnros
806 2380 955 2431 nerones,

404 2493 409 2503 '
492 2495 714 2551 ARTIGULUSI
790 2500 793 2509 ·

109 2597 115 2614 K
134 2611 158 2619 ”
219 2619 324 2689 'Officio
337 2623 497 2675 essentialia
511 2620 633 2673 hominis
648 2614 714 2686 erpo
729 2624 835 2681 eeteros
851 2620 986 2689 hominos.

110 2741 358 2800 “TnnsrsAtios
382 2743 529 2799 homines
551 2742 687 2813 quisque
708 2743 792 2797 sient
814 2744 1022 2814 semetipsum

100 2813 235 2888 ditipere
244 2816 318 2886 juro
333 2818 454 2870 naturae
469 2816 602 2869 tenetur.
615 2812 690 2867 -ld
704 2812 853 2882 colligitur
861 2829 897 2869 ex
908 2815 1022 2871 unitate

100 2887 216 2939 naturae
229 2887 260 2941 et
272 2886 339 2941 finis
353 2886 432 2940 inter
445 2886 586 2940 homines.
604 2884 774 2938 Corollaria.
1073 2890 1109 2943 96

116 3017 119 3022 y
138 2955 180 3009 lle
189 2948 492 3027 JureproprietatiS,
508 2954 587 3026 quod
604 2958 649 3010 est
668 2953 792 3009 facultas
811 2955 941 3027 perfecte
960 2954 1023 3011 dis·¹

98 3027 228 3093 ponendi
242 3026 279 3082 de
292 3042 325 3082 re
340 3028 437 3096 aliqua
451 3028 574 3096 eiusque
590 3025 726 3079 utilitate.
1072 3029 1108 3084 97

133 3093 298 3153 Dom'iniurn
312 3098 455 3154 dividitur
476 3098 508 3152 in
530 3097 651 3167 plenum
675 3098 705 3149 et
729 3110 789 3150 non
803 3096 931 3167 plenum,
945 3096 1020 3152 dire·

96 3171 176 3223 etun]
190 3171 221 3223 et
235 3170 316 3225 utile.
547 3183 548 3187 ’
1028 3229 1031 3237 ,
1072 3169 1109 3227 98

110 3231 116 3253 ‘
132 3237 243 3295 Turesis
252 3243 271 3297 l.
283 3242 343 3297 lus
352 3238 557 3310 proprietatis
568 3252 635 3292 non
649 3238 754 3291 oritur
764 3252 800 3292 ex
813 3240 904 3307 pecto
917 3252 1018 3309 neque

96 3325 134 3363 ex
148 3310 273 3379 lepibus
283 3311 443 3367 oioittbns.
460 3338 494 3351 -
507 3312 532 3364 la
546 3322 620 3379 pars
635 3327 643 3361 :
659 3310 717 3364 tus,v
731 3308 922 3378 proprietatis
937 3324 1017 3363 senr-

88 3395 150 3450 -per
161 3382 253 3451 viguit
266 3381 345 3452 apud
359 3381 502 3436 homines:
511 3377 661 3434 Possessio
678 3378 791 3433 stabilis
806 3392 908 3434 rerum
922 3383 1018 3435 exter-

95 3466 202 3506 narum
216 3455 262 3508 est
276 3452 387 3508 homini
402 3451 555 3506 naturalis.
575 3451 610 3503 pp
623 3464 698 3518 pars
712 3451 829 3503 constat
843 3464 880 3505 ex
894 3451 1017 3505 historia

96 3527 127 3575 ot
141 3537 178 3577 ex
191 3524 414 3579 universalitate
428 3525 459 3577 et
471 3520 637 3576 constantia
650 3519 730 3573 laeti.
1069 3524 1105 3578 99
1137 3540 1141 3549 »

133 3592 355 3651 Corotlarinm.
367 3596 445 3668 Ergo
456 3594 506 3662 jns
520 3589 691 3661 acquirendi
706 3589 838 3645 stabilem
852 3592 1015 3669 proprieta-

96 3665 336 3722 teulimmediate
350 3666 447 3721 oritur
461 3665 608 3718 enatura.
857 3664 861 3671 '
977 3672 979 3677 ‘
1029 3664 1103 3740 ‚100

403 3751 488 3805 Bm·
500 3749 576 3803 Pmo
589 3748 621 3802 Τ·
633 3746 781 3803 Iun-¹17.
