2642 4250
434 275 539 318 nrarci
559 272 717 332 serenus
786 254 794 271 '
956 291 966 352 ί·
1008 322 1013 338 ¹
1046 256 1101 315 185

88 399 194 454 tarum
206 395 318 467 potest
332 389 504 451 evidenter
516 393 630 448 mutua
651 371 818 451 voluntate
839 391 1005 452 contrat
995 339 1099 448 ditium

88 473 168 542 fieri,
184 485 251 530 non
265 485 363 529 secus
379 485 417 529 ac
433 474 617 529 contractus
631 467 717 528 inter
729 469 819 546 priva

130 553 163 625 b)
186 551 217 609 Si
235 551 371 608 materia
393 548 430 608 fit
448 548 615 608 moraliter
636 548 691 608 vel
714 549 851 626 physice
875 505 1097 623 impossibilis

88 630 213 691 foedera
236 631 323 689 inter
346 630 523 688 societates
546 629 645 688 etiam
671 627 890 688 dissolvuntur
912 629 996 687 sicut
1024 645 1099 688 con-

89 716 207 772 tractus
221 709 307 769 inter
321 711 463 786 privatos
480 727 486 766 :
506 708 640 768 materia
655 708 707 767 hic
724 707 841 768 dicitur
855 708 1045 768 moraliter
1037 725 1096 766 nn-

87 789 248 866 possibilis
264 788 396 865 quando
414 788 595 848 coordinari
614 787 754 862 amplius
773 789 889 865 nequit
913 786 955 847 ad
978 788 1097 849 utilita-

88 877 151 930 tem
174 871 243 929 sire
267 874 380 937 status,
406 868 474 928 sive
503 869 664 937 Ecclesia,
695 883 791 942 quarn
820 868 998 944 legislator,
1030 872 1099 928 lum

88 950 327 1010 ecclesiasticus
343 957 411 1008 tum
424 947 587 1024 politicus
606 962 646 1005 ex
661 943 767 1006 officio
785 953 817 1008 et
832 947 1008 1023 exjustitia
1023 963 1098 1022 pro-

87 1045 215 1088 movere
235 1033 368 1088 tenetur
403 1027 557 1102 Princeps
576 1027 727 1102 politicus
751 1028 983 1118 rescissionem
1003 1028 1096 1102 petit,

87 1106 216 1186 quando
241 1109 350 1184 agitur
370 1106 412 1167 de
431 1108 562 1183 politica
580 1106 721 1166 utilitate
746 1123 798 1184 qu
793 1106 842 1166 'us
862 1111 913 1166 est
933 1108 1099 1184 legitimus

82 1187 198 1279 judam
214 1193 248 1246 et
263 1179 416 1248 Summus
429 1185 587 1259 Ροιιιιι3ιι,
604 1189 630 1246 si
647 1185 689 1245 de
703 1124 842 1247 ulilitJale
858 1187 1006 1246 Ecclesiae
1025 1202 1095 1246 ser-

85 1285 137 1327 mo
156 1269 206 1327 sit
223 1269 357 1339 'lamen
376 1282 451 1326 cum
465 1268 587 1328 utilitas
602 1265 703 1325 civilis
719 1265 915 1326 subordinat
902 1271 954 1326 tur
967 1266 1096 1327 utilitati

85 1347 245 1411 Ecclesia,
271 1346 307 1405 fit
331 1346 421 1423 quod
440 1347 594 1423 princeps
616 1345 767 1422 politicus
791 1362 858 1406 non
883 1346 986 1421 possit
1002 1345 1093 1422 judi-
1171 1373 1175 1380 ·

87 1428 169 1485 cium
194 1424 375 1486 decisivurn
400 1425 487 1486 ferre
507 1426 550 1486 de
569 1426 831 1500 impossibilitate
855 1427 1007 1493 materie,
1033 1425 1095 1485 nisi

85 1508 171 1582 prius
185 1507 341 1567 ostendat
356 1507 510 1581 potestati
526 1505 754 1566 ecclesiastica
768 1507 831 1566 hoc
846 1506 978 1566 minime
994 1521 1094 1565 noce-

85 1602 120 1645 re
130 1585 261 1646 utilitati
275 1586 439 1657 Ecclesiam
455 1588 571 1679 nequit
586 1588 675 1645 enim
689 1585 830 1646 societas
846 1585 947 1645 civilis
962 1584 1096 1662 aliquod

88 1665 294 1725 commodum
328 1667 478 1726 Ecclesic
514 1669 547 1726 in
573 1681 643 1724 rem
679 1681 772 1725 suam
801 1669 1006 1736 convertere,
1035 1681 1098 1724 seu

88 1760 143 1819 pro
166 1745 242 1824 jure
267 1761 327 1804 suo
352 1746 465 1835 spoliis
486 1745 636 1804 Ecclesia
670 1760 746 1805 suas
774 1761 856 1820 opes
885 1761 1031 1823 autore:
1063 1749 1095 1804 et

88 1823 240 1884 damnum
261 1824 411 1886 societati
425 1824 584 1902 religiose
602 1823 713 1884 inferri
734 1839 800 1884 non
823 1791 949 1901 potest?>
965 1828 1003 1884 ut
1017 1825 1094 1885 inde

86 1903 183 1963 societ
185 1921 222 1963 as
255 1905 355 1966 civilis
388 1902 522 1981 aliquod
555 1905 815 1964 emolumentum
845 1901 1000 1964 lucretur.
1029 1904 1094 1964 Sed

86 1983 232 2043 absolute
247 1983 415 2060 loquendo
430 1985 568 2044 materia
584 1999 649 2043 non
670 1988 778 2058 potest
795 1981 866 2042 fieri
885 1984 1094 2060 impossibilis

85 2064 132 2124 vel
157 2066 307 2126 societati
333 2063 417 2124 civili
446 2066 571 2131 nociva,
600 2064 626 2122 si
651 2067 801 2125 remanet
790 2062 916 2124 tutilis
943 2066 1094 2126 societati

84 2144 251 2221 religiose
1162 2150 1165 2161 ”

120 2224 152 2297 c)
166 2221 372 2285 Concordata
386 2222 530 2283 rescindi
545 2230 682 2300 possunt
695 2223 841 2301 legitimo
854 2222 979 2301 judicio
991 2239 1092 2301 quan-

85 2301 124 2361 do
149 2304 292 2363 occurrit
320 2320 417 2363 causa
442 2306 549 2382 gravis
570 2320 610 2362 ex
613 2303 842 2373 traordinaria;
860 2303 920 2363 sed
940 2305 1093 2364 Summus

83 2380 230 2443 Pontifex
245 2384 335 2444 solus
351 2383 392 2442 de
409 2383 511 2457 plenit
499 2383 612 2443 tudine
627 2384 801 2458 potestatis
814 2400 879 2443 sua
894 2384 1094 2461 judicialiter

84 2465 310 2525 contravenire
325 2467 436 2539 potest
424 2462 668 2523 tconcordatis

121 2541 176 2600 Hic
191 2542 519 2603 animadvertendum
534 2547 585 2602 est
599 2541 690 2619 quod
704 2542 794 2602 solus
809 2541 896 2617 Papa
910 2542 1013 2616 possit
1028 2542 1091 2602 tale

80 2619 239 2697 judicium
267 2621 366 2692 terre
383 2621 555 2698 siqnidem
585 2629 622 2682 ut
644 2621 714 2698 jam
743 2623 922 2691 innuimus,
950 2622 1092 2681 societas

83 2699 195 2768 civilis,
215 2701 343 2778 siquid
366 2703 519 2761 Ecclesiae
541 2705 714 2773 concessit
735 2718 803 2762 non
823 2705 933 2778 potest
952 2699 1030 2761 illud
1050 2703 1090 2762 ab

82 2780 212 2840 arbitrio
240 2783 294 2842 vel
321 2780 568 2875 interpretando
596 2782 796 2858 restringere
827 2782 881 2841 vel
908 2780 1090 2858 judicando

80 2874 247 2921 revocare.
265 2854 426 2922 Concessa
444 2864 532 2922 enim
545 2862 712 2932 Ecclesiae,
724 2859 1092 2938 linispiritualiaddicta

80 2944 165 3009 sunl,
183 2942 269 3001 circa
286 2958 385 3017 quern
401 2942 542 3001 societas
558 2942 658 3001 civilis
677 2941 802 3001 nullam
820 2941 921 3002 habet
943 2945 1088 3017 potesta·

81 3023 147 3079 tem
164 3039 171 3079 :
187 3018 272 3081 fiunt
285 3021 421 3081 materia
439 3022 498 3081 lori
514 3022 741 3081 ecclesiastici.

116 3099 245 3160 Deinde
266 3100 354 3192 quod
376 3102 440 3161 tale
456 3099 619 3175 iudicium
637 3102 863 3161 rescissoriurn
880 3116 897 3158 a
912 3098 999 3175 Papa
1014 3096 1091 3158 ¹ferri

78 3182 191 3251 possit,
207 3181 340 3240 minime
356 3180 493 3240 dubium
506 3186 566 3248 est,
576 3194 652 3239 nam
668 3180 695 3239 si
711 3178 946 3240 concordatum
960 3194 1026 3238 non
1043 3184 1095 3238 est

77 3260 204 3320 ratione
226 3262 366 3320 materie
387 3266 572 3320 contractus
596 3276 674 3319 vere
699 3259 1002 3337 synallagmaticus‚
1030 3258 1090 3319 sed

77 3353 192 3398 verum
211 3356 265 3413 pr
257 3341 367 3413 folleat
367 3356 433 3408 ιιι,
452 3339 598 3402 Ecclesia
618 3339 789 3399 evidenter
807 3343 916 3414 potest
939 3336 1017 3397 illud
1038 3354 1092 3397 re-

78 3433 207 3486 vocare,
237 3419 416 3495 prasertim
444 3419 575 3480 stratio
600 3422 651 3481 sui
683 3417 769 3489 finis,
797 3418 860 3478 hoc
889 3421 949 3487 est,
980 3418 1094 3477 salutis

77 3500 204 3557 aeternae
226 3498 289 3558 hoc
313 3498 434 3574 exigat.
459 3498 569 3559 Potest
598 3502 686 3559 enim
713 3497 965 3575 contingerent
991 3502 1094 3557 tractu

77 3576 235 3654 temporis
245 3594 299 3638 res
310 3596 349 3641 eo
362 3577 571 3646 devenialut
588 3579 718 3638 mutatis
735 3578 997 3641 circumstantiis,
1015 3594 1092 3653 pac-

77 3660 147 3715 tum
166 3659 289 3719 servari
307 3664 452 3737 nequeat
471 3660 542 3721 sine
563 3656 736 3734 dispendio
757 3657 870 3718 salutis
887 3662 1030 3725 aelerne,
1057 3674 1094 3716 33
