2642 4250
360 285 369 303 .
466 263 568 305 antron
590 260 751 306 saucians.
1062 245 1118 307 145
1196 300 1198 303 -
1260 230 1313 325 *Af-2³]

146 382 254 456 ltaque
268 379 301 440 in
316 379 378 440 hae
401 378 549 440 doctrina
567 375 769 454 distinguere
786 382 916 453 oportet
929 394 999 439 rem
1012 384 1118 454 ipsam
1186 347 1212 452 ‚⁶
1238 409 1245 426 =

98 477 163 524 seu
181 461 300 534 fontem
316 463 523 534 asstpootooa
546 464 578 518 et
600 460 733 518 modom
754 473 820 535 quo
835 474 990 534 suprema
1005 465 1114 536 potes·

101 547 152 601 tas
173 539 301 616 politica
323 541 412 600 venit
433 555 451 598 a
474 539 561 611 De0;
580 539 783 612 paedorem,
797 541 979 616 seuipsum
996 540 1117 618 dogma

100 619 359 690 fundamentale,
383 619 450 678 haeo
471 619 636 678 sententia
652 621 703 678 est
716 617 888 679 verissima
911 639 919 679 :
942 622 1044 682 omm's
1053 637 1114 695 po·
1230 644 1233 648 ·

97 705 192 762 testor
205 703 249 758 est
271 715 292 758 o
313 702 397 770 Deo;
412 701 520 773 quood
534 698 668 756 modum
688 713 765 758 vero
789 699 973 773 explicandi
994 698 1116 763 factum

99 781 332 850 concessionis,
348 777 553 840 suntiterum
568 775 680 853 plures
693 781 862 839 sententia
877 779 951 854 plus
966 780 1115 843 minusve

97 859 297 936 prohabiles.

141 939 171 1000 3ο
193 940 262 999 Alio
285 953 387 998 sensu
402 942 436 998 et
457 935 591 1014 quidem
613 952 726 1011 pravo,
752 952 868 1014 nempe
887 936 979 1018 Juxta
995 937 1111 1001 adver·

100 1021 201 1079 serios
231 1016 461 1078 fraudulenter
490 1017 745 1092 interpretantes
775 1016 862 1077 illam
903 1019 1110 1092 sententiam,

98 1114 159 1174 per
180 1098 358 1158 doctrinam
384 1096 425 1157 de
442 1097 519 1176 jure
542 1095 648 1156 divino
670 1098 769 1157 unice
791 1099 918 1158 veniret
938 1098 1018 1161 illud
1040 1116 1132 1180 sys·.

99 1189 183 1238 terna
216 1177 306 1254 quod
337 1193 397 1253 per
423 1178 583 1237 actionem
607 1177 667 1235 Dei
687 1176 877 1252 specialem,
901 1177 1059 1239 directam
1081 1185 1115 1240 et
1232 1242 1236 1247 ,
1266 1174 1306 1237 js·

99 1265 193 1318 extro
218 1259 366 1318 ordinent
389 1262 526 1324 notura,
559 1271 720 1332 supremae
750 1258 922 1332 potestatis
954 1259 1113 1337 originem

99 1337 275 1414 explicaret
299 1355 306 1395 ε
332 1340 364 1396 ει
386 1335 522 1414 quidem
542 1335 628 1395 hanc
649 1336 846 1396 sententiam
868 1352 982 1397 revera
998 1344 1113 1400 tenue-

98 1422 172 1478 runt
192 1419 305 1493 plures
328 1425 495 1488 auctores3
519 1415 572 1476 alii
593 1431 761 1491 perverse,
786 1421 823 1476 ut
842 1417 1002 1479 ltaroilius
1023 1419 1113 1480 Pata·
1146 1437 1149 1440 ’

98 1501 201 1564 vinus,
227 1498 410 1567 Glannone‚
442 1500 505 1556 etc.
530 1497 585 1573 qui
607 1499 806 1571 potestatem
828 1495 1026 1558 Pontificiam
1052 1516 1112 1577 po-

102 1578 211 1638 testati
246 1577 329 1638 civih
359 1577 520 1653 subjicere
553 1575 771 1648 conabantur3
804 1576 869 1641 alii,
896 1593 926 1636 v.
951 1594 998 1655 g.,
1020 1579 1111 1639 lose-

97 1657 219 1736 phistae‚
243 1655 399 1716 Gallicani
421 1661 563 1727 veteres,
588 1655 708 1733 quihus
721 1654 834 1716 favent
848 1657 998 1727 Bossuet‚
1014 1660 1113 1720 'lour-

96 1738 183 1816 nely,
208 1743 245 1797 ut
265 1741 412 1796 mutuam
434 1735 728 1810 independentiam
743 1736 915 1812 utriusque
930 1738 1111 1812 potestatis,

96 1819 196 1878 civilis
206 1817 332 1876 scilicet
347 1820 380 1876 et
394 1815 632 1886 ecclesiasticae,
647 1814 869 1887 vindicarent;
887 1817 940 1876 alii
955 1817 1111 1896 denique,

96 1899 166 1960 sine
187 1901 346 1973 respectu
365 1896 475 1956 habito
499 1895 540 1956 ad
562 1899 758 1970 potestatem
780 1896 1031 1959 sacerdotalem.
1058 1899 1112 1960 His

96 1979 279 2054 premissis,
303 1974 382 2052 quid
403 1976 444 2035 sit
465 1973 716 2049 admittendum,
738 1974 909 2036 videamus
934 1997 941 2037 :

93 2101 163 2165 tol.
187 2134 226 2143 -
248 2101 356 2161 Tursrs
372 2101 394 2159 l.
419 2103 582 2173 Supremo
598 2101 740 2174 potestas
756 2099 895 2174 politico
903 2113 967 2173 per
980 2117 1014 2161 sc
1026 2117 1114 2177 spec-

134 2187 205 2243 tato
220 2197 242 2241 a
264 2182 328 2241 Deo
338 2176 497 2255 procedit

134 2296 228 2356 Noto.
244 2292 457 2356 Probationes
473 2291 663 2371 theologicae
677 2293 802 2351 suntin
816 2299 969 2369 promptu
989 2292 1113 2369 posita,
1157 2352 1160 2356 .

94 2390 170 2435 nam
191 2376 225 2435 in
248 2372 422 2450 Scripturis
443 2373 544 2433 multa
565 2374 777 2448 reperiuntur
798 2372 981 2433 testimonia
1007 2373 1115 2435 discr-

95 2455 218 2515 tlssima
241 2459 273 2512 et
301 2452 433 2514 minime
457 2453 623 2530 ambigua.
647 2451 714 2512 Sed
736 2451 968 2530 philosophicis
989 2455 1110 2529 proha·

94 2533 238 2598 tionibus
261 2532 361 2594 thesis
382 2530 537 2609 perfacile
560 2530 740 2593 conficitur.

133 2614 297 2675 Probatur
317 2612 339 2673 l.
363 2612 510 2674 Societas
529 2610 640 2683 civilis,
664 2617 701 2672 ut
724 2614 852 2673 constat
882 2627 922 2673 ex
953 2612 1111 2688 probatis,

93 2710 161 2754 non
184 2697 236 2753 est
255 2693 389 2769 paetitia
410 2692 470 2753 sed
500 2692 657 2753 naturalis
688 2693 771 2771 (231,
793 2690 879 2764 240);
899 2693 995 2754 homo
1026 2694 1116 2761 enim

93 2778 211 2834 natura
240 2788 300 2833 sua
321 2771 364 2831 ad
392 2773 477 2833 hanc
506 2774 700 2833 societatem
730 2770 915 2843 ordinatum
938 2772 1001 2834 sed
1021 2774 1111 2837 Deus

9 2852 11 2938 ζ
94 2858 145 2913 εει
165 2858 281 2913 auctor
300 2858 433 2925 naturae,
457 2868 493 2912 ac
516 2851 654 2927 proinde
669 2851 768 2930 hujus
783 2850 1008 2912 ordinationis,
1024 2854 1110 2931 llrgo

9 2988 10 2993 ,
94 2938 145 2994 εει
176 2936 292 2993 auctor
313 2933 385 3011 ejus
407 2934 512 2993 omnis
535 2932 625 3008 quod
647 2936 699 2992 est
725 2931 874 2992 naturale
896 2932 932 2990 in
951 2931 1109 2995 societate

93 3014 189 3076 civili.
211 3012 311 3089 Atqui
333 3013 475 3073 societas
497 3011 597 3071 civilis
619 3013 689 3071 sine
712 3014 875 3087 potestate
896 3013 1014 3087 nequit
1035 3027 1110 3073 esse

91 3110 155 3155 nec
172 3091 311 3169 concipi,
330 3107 432 3168 quum
448 3097 594 3168 potestas
608 3092 650 3151 sit
660 3106 738 3167 pars
749 3088 892 3151 formalis
903 3092 1006 3166 ipsius
1017 3089 1112 3169 (246).

91 3176 177 3251 Ergo
199 3174 227 3233 si
246 3173 314 3233 haec
330 3174 470 3232 societas
486 3175 536 3233 est
552 3188 570 3232 a
584 3173 667 3244 Dee,
682 3186 822 3231 neeesse
836 3170 978 3231 hahetur
992 3172 1028 3230 ut
1042 3170 1115 3248 ipsa

93 3259 242 3333 potestas
264 3252 395 3329 publica
417 3254 458 3313 sit
481 3252 578 3313 etiam
600 3252 711 3328 aliquo
733 3248 831 3310 modo
853 3265 872 3309 a
894 3250 975 3310 Deo.

136 3335 172 3395 ll.
194 3333 344 3393 Potestas
366 3346 520 3408 suprema
530 3332 606 3410 jure
627 3332 699 3392 vitae
722 3334 755 3390 et
777 3329 888 3391 mortis
909 3330 942 3388 in
963 3326 1116 3391 subditos

95 3413 200 3491 potita
221 3416 283 3486 εει,
307 3418 340 3472 ει
360 3410 515 3472 facultate
546 3410 717 3489 obligandi
737 3408 772 3467 in
794 3408 996 3470 conscientia
1019 3428 1027 3470 ε
1051 3426 1116 3474 vox

96 3494 196 3555 totius
242 3493 350 3553 eneris
372 3492 515 3562 humani,
539 3507 608 3569 que
629 3489 729 3552 fallax
751 3504 825 3549 esse
846 3488 962 3565 nequit
976 3487 1013 3567 (l,
1028 3487 1112 3568 213),

97 3573 194 3633 talem
216 3508 407 3633 facultatem
427 3571 627 3649 principibus
649 3569 810 3648 assignat
830 3569 886 3644 qui
914 3570 1113 3646 ceteroquin

10 3669 12 3725 g
95 3652 181 3715 illam
203 3666 335 3729 semper
356 3658 590 3724 exercuerunt3
613 3652 704 3728 atqui
721 3648 868 3728 justitae
890 3650 925 3708 ει
944 3650 1059 3711 mortis
1080 3653 1114 3711 et

414 3746 496 3795 Bncv.
512 3745 585 3794 Pmn.
603 3745 633 3795 T.
646 3741 692 3793 ΙΙΙ.
706 3769 737 3782 -
751 3742 789 3793 10.
