2642 4250
440 329 548 373 xrnrce
569 321 727 372 secunus
1036 307 1092 369 105

117 439 147 499 2⁰
169 436 317 501 Conditio
343 446 393 502 est
418 444 447 503 1⁰
462 443 643 516 stupenstba
667 441 721 503 vel
745 441 945 501 resolutoria
969 443 1093 516 :prior

83 518 216 579 habetur
239 519 372 596 quando
398 523 438 583 ab
465 522 538 599 ejus
556 521 748 599 impletione
767 517 894 596 pendet
919 521 1094 581 existentia

84 598 299 676 obligationis;
316 603 488 677 posterior,
506 600 638 681 quando
654 617 715 680 per
730 600 802 679 ejus
818 601 973 661 eventum
987 602 1092 662 resol-

85 679 161 740 vitur
176 683 379 753 contractus;
1069 728 1071 731 .
1099 738 1102 742 Α

120 758 150 818 2⁰
167 759 221 818 Est
245 775 400 835 captasse
415 777 476 821 seu
494 762 587 835 scoti,
605 759 737 838 quando
752 759 787 819 in
801 762 972 821 contractu
985 757 1093 820 verbis

88 839 282 913 enuntiatum
304 843 405 901 tacita
424 857 484 902 seu
498 841 612 915 tepolis
630 845 688 902 aut
703 840 803 917 juris,
825 836 958 916 quando
978 854 1019 899 ex
1033 853 1094 898 na·

88 923 153 980 tura
174 923 360 980 contractus
381 921 435 982 vel
452 937 494 981 ex
508 918 723 998 dispositione
738 919 823 998 legis
841 917 960 979 adesse
974 934 1094 994 praesu-

88 997 188 1068 mitur;

124 1077 151 1138 3⁰
167 1076 224 1137 1161
237 1081 430 1152 potestativo
448 1079 501 1141 vel
520 1079 668 1152 cuncto,
689 1082 788 1156 prout
805 1075 932 1155 pendet
950 1093 969 1138 a
991 1076 1095 1139 libera

88 1156 247 1217 voluntate
263 1159 498 1233 contrahentis,
514 1159 568 1220 vel
582 1173 695 1233 secus;

91 1236 219 1375 ὁἱ111161
239 1237 337 1298 etiam
355 1239 486 1300 lonasto
505 1239 558 1302 vel
575 1240 691 1314 turpis
702 1236 866 1314 possetne
878 1235 933 1299 vel
946 1237 1094 1312 impossi-

108 1316 119 1375 i
130 1315 165 1387 is,
183 1319 296 1377 etc...'

125 1396 190 1458 192.
206 1431 246 1440 -
259 1396 487 1472 rasttnpottm
500 1398 655 1474 obligatio
671 1413 714 1458 erc
728 1400 894 1458 contractu
907 1409 1072 1472 emergens
1086 1416 1097 1454 :

125 1477 153 1536 1⁰
173 1477 369 1536 executione
392 1480 444 1537 ret
461 1478 547 1537 circa
571 1492 670 1553 quarn
690 1479 797 1553 pactio
819 1479 979 1548 versatur,
994 1475 1028 1536 id
1046 1482 1098 1536 est

88 1570 145 1632 per
162 1555 364 1628 solutionem,
386 1573 446 1618 seu
460 1574 521 1635 per
537 1559 788 1633 praestationem
802 1557 850 1617 rei
869 1555 998 1628 debitae,
1023 1571 1098 1616 exe·

93 1634 314 1712 cutionemque
328 1631 404 1699 iacti
424 1636 577 1713 promissi
590 1641 647 1698 aut
662 1637 742 1696 alias
758 1634 860 1697 debiti
877 1653 884 1694 :
901 1636 949 1695 sic
964 1640 1095 1696 contra-

92 1714 200 1775 hentes
215 1716 308 1775 oneri
324 1724 478 1796 suscepto
494 1715 707 1778 satisfaciunt.

127 1796 157 1855 2⁰
176 1795 421 1866 condonatione,
443 1813 513 1873 quae
532 1800 696 1856 est'actus
711 1810 776 1872 quo
794 1794 936 1856 creditor
957 1793 1098 1856 debitori

94 1888 147 1935 suo
162 1873 307 1934 debitunt
324 1876 472 1945 remittit;
493 1878 522 1937 si
538 1880 725 1937 contractus
747 1880 797 1936 est
810 1875 1000 1944 bilateralis
1018 1874 1094 1935 utri·

94 1969 190 2031 usque
209 1953 308 2030 partis
330 1970 510 2017 consensus
529 1955 734 2033 exquiritur:
757 1954 953 2016 condonatio
974 1970 1095 2016 execu-

95 2032 167 2093 tioni
187 2032 371 2110 aequivalet3
399 2036 539 2113 quisque
559 2037 645 2096 enim
665 2038 776 2113 potest
789 2035 858 2113 jus,
879 2033 969 2111 quod
988 2034 1098 2112 acqui-

95 2112 171 2187 sivit,
210 2115 244 2175 in
287 2112 423 2174 alteram
457 2120 584 2193 partem
622 2114 872 2177 contrahentem
908 2112 1097 2187 transferre,

95 2192 199 2254 saltem
221 2194 255 2254 in
279 2192 318 2252 iis
343 2195 494 2258 omnibus
520 2212 590 2274 quae
618 2195 660 2256 ad
685 2196 811 2257 bonum
834 2194 1005 2273 publicum
1029 2211 1096 2255 non

94 2277 244 2349 spectant,
276 2274 452 2335 autetiam
478 2275 611 2353 quando
633 2292 701 2338 non
725 2278 834 2354 agitur
859 2274 900 2335 de
925 2279 1096 2336 contractu

95 2358 197 2414 natura
214 2368 273 2412 sua
288 2350 516 2418 indissolubili.

129 2434 158 2492 3⁰
181 2434 312 2493 interitu
334 2436 386 2494 ret
405 2436 517 2495 debita
530 2456 540 2495 .·
556 2451 621 2513 quo
647 2450 726 2495 casu
747 2433 790 2495 ad
808 2439 942 2510 pactum
956 2434 1096 2510 implen-

97 2510 164 2571 dum
177 2511 337 2589 adstringi
351 2529 447 2575 nemo
463 2520 586 2591 potest3
603 2516 692 2575 nulla
709 2516 796 2575 enirn
811 2513 968 2592 obligatio
984 2514 1095 2591 objec-

97 2596 154 2651 tum
189 2592 392 2668 impossibile
427 2596 594 2671 respicere
631 2599 752 2673 potest.
792 2592 824 2654 Si
860 2599 971 2654 tamen
1002 2594 1098 2670 culpa

98 2669 242 2732 debitoris
260 2687 314 2732 res
334 2673 446 2734 debita
458 2676 618 2747 interiret,
635 2674 678 2734 ad
692 2674 789 2734 aliam
802 2678 928 2748 partem
945 2689 1097 2751 compen-

97 2750 220 2811 sandam
254 2756 434 2814 teneretur.
470 2756 552 2815 ltem
589 2756 843 2832 extingueretur
876 2753 1032 2831 obligatio
1070 2755 1098 2812 sl

97 2830 250 2907 potentior
271 2830 320 2890 vis
340 2834 569 2895 executionem
601 2838 788 2895 contractus
806 2830 996 2909 impediret3
1021 2847 1098 2892 nam

96 2926 142 2969 res
155 2910 199 2971 sic
213 2906 308 2970 fieret
323 2911 541 2988 impossibilis,
558 2913 703 2991 ideoque
713 2913 893 2973 haberetur
903 2917 941 2973 ut
956 2912 1095 2989 perdita.

128 2989 158 3049 4ο
189 2991 363 3051 Noocttone
398 3007 459 3054 seu
491 2994 724 3055 substitutione
758 2993 835 3053 novi
865 2992 967 3053 debiti
995 2994 1098 3053 veteri

98 3068 209 3208 dethim'
248 3068 337 3146 quod
372 3073 418 3133 616
455 3072 674 3152 exstinguitur
711 3092 719 3133 ε
755 3072 934 3151 aequivalet
967 3072 1098 3132 novatio

98 3164 127 3209 so
140 3148 249 3210 utioni

130 3230 158 3288 5⁰
199 3229 231 3287 Si
272 3236 458 3298 contractus
494 3234 535 3296 sit
574 3248 646 3293 curn
683 3230 873 3293 conditione
911 3231 1100 3301 resolutiva,

98 3309 305 3386 exstinguitur
325 3315 480 3392 obligatio
501 3316 599 3374 unius
620 3313 733 3388 partis,
757 3309 890 3388 quando
911 3310 998 3371 hanc
1019 3325 1098 3370 con-

98 3387 242 3452 dillonem
276 3396 382 3458 altera·
413 3408 488 3468 pars
522 3410 590 3454 non
623 3391 741 3469 implet
776 3411 784 3451 ε
820 3390 977 3468 injustum
1013 3392 1099 3450 enim

37 3500 38 3561 ᾗ
97 3466 171 3530 toret
197 3476 235 3531 ut
264 3492 332 3537 una
361 3489 437 3554 pars
469 3488 570 3535 onere
598 3475 755 3551 gravetur
778 3470 813 3531 in
841 3467 986 3532 favorem
1011 3470 1100 3532 illius

37 3564 39 3591 ²
100 3562 164 3625 quae
185 3549 292 3616 datam
314 3554 445 3619 violavit
464 3550 577 3615 fidem.
