2642 4250
477 302 566 346 6111111
586 299 777 346 6166111666
1075 282 1136 344 Ι1115

157 415 313 470 76661611.
330 411 470 468 Ecclesia
484 419 530 470 est
546 414 676 470 societas
700 386 994 494 visiblpwerlecta.
1013 443 1047 456 -

122 487 155 541 1·
167 498 243 555 pars
263 502 270 538 ε
291 484 422 539 Ecclesia
444 488 523 540 enim
542 489 591 540 est
610 487 736 542 societas
760 487 847 542 realis
868 501 903 541 ac
917 485 1048 541 homini-

119 556 178 611 bus
192 556 341 626 666616116,
357 569 423 625 quae
437 557 549 612 cultum
563 559 721 612 externum
735 560 793 613 Deo
808 557 933 612 reddere
947 556 1045 612 debet.

121 631 155 682 2³
167 641 242 696 pars
258 643 265 680 ε
280 625 368 680 habet
386 625 416 680 in
431 640 463 682 se
482 627 578 683 media
592 627 732 683 adfinem
747 642 833 683 suum
848 627 1026 683 necessaria.
1083 627 1136 682 1611

157 695 376 822 Quanam·
397 699 474 767 Ergo
491 699 541 769 jus
563 697 652 754 babet
672 699 842 769 possidendi
866 700 943 755 bona
972 699 1046 754 1616-
1083 768 1135 822 w

161 781 178 822 1·
218 782 244 823 a.
1109 789 1116 818 1

120 783 268 894 ΡΟ’11111616
281 839 323 893 Ill.
339 837 481 894 Ecclesia
499 841 544 894 est
559 840 691 895 societas
715 839 842 896 realiter
856 839 1008 895 distincta
1027 853 1046 894 a

57 937 60 942 ·
123 909 600 982 666161616616111,6666616666
619 909 831 967 excellentior.
848 940 882 952 -
899 913 928 966 1³
946 925 1020 982 pars
1039 924 1047 964 ε

123 981 212 1037 Fines
225 981 295 1035 sunt
309 979 440 1035 distincti
454 984 485 1036 et
507 980 640 1036 membra
656 981 785 1050 diversa,
797 986 829 1038 2³
850 997 926 1053 pars
943 1001 949 1036 :
966 981 1046 1036 Finis

103 1099 107 1105 .
124 1050 260 1107 Ecclesiae
276 1051 433 1120 6611111161,
448 1054 478 1107 et
492 1054 557 1123 ejus
567 1051 664 1108 media
678 1053 831 1110 nobiliora.
1083 1051 1134 1106 167

161 1120 1046 1191 11661666166Ε661661666661116116116.1οΕ66166161111166-

124 1194 174 1248 tar
192 1192 335 1247 individui
350 1193 471 1248 humani
484 1197 621 1253 constare
637 1195 745 1253 dicitur
755 1194 852 1251 anima
865 1196 896 1250 et
910 1207 1044 1264 corpore.

124 1265 155 1319 2⁰
167 1263 290 1327 ,Fruitur
298 1264 530 1334 proprietatibus
544 1267 670 1324 internis
685 1281 809 1337 nempe:
827 1265 951 1331 unitate,
965 1278 1047 1319 sanc·

124 1333 220 1400 tituto,
233 1334 432 1389 catholicitate
454 1339 484 1390 et
498 1339 726 1408 apostolicitate‚
742 1352 808 1407 quae
831 1336 920 1391 etiam
936 1337 1047 1391 statum

123 1405 377 1476 phoenomenicum
404 1406 522 1462 habent.
551 1410 665 1466 Praeter
698 1409 762 1462 illas
789 1407 985 1478 proprietates
1017 1408 1047 1460 et
1082 1468 1085 1480 ,

124 1477 220 1541 notae,
246 1475 396 1531 nonnullis
423 1478 512 1533 etiam
540 1484 665 1537 ornatur
693 1477 820 1534 dotibus.
854 1478 886 1532 3ο
914 1477 1047 1532 Ecclesiae

124 1546 222 1618 quoad
235 1559 343 1616 corpus
358 1550 498 1617 spectatae
517 1549 574 1606 duo
589 1555 659 1607 sunt
673 1551 817 1605 elementa
835 1568 841 1602 :
866 1561 1002 1619 personae
1016 1550 1048 1602 et

123 1629 182 1685 res,
196 1631 248 1672 666
266 1616 371 1684 media,
393 1633 461 1688 quae
488 1621 518 1674 in
534 1621 680 1692 duplicem
704 1621 827 1675 classem
849 1618 1046 1691 partiuntur:

126 1687 332 1758 depotestate
352 1689 465 1744 ordinis
486 1692 517 1744 et
538 1696 687 1763 potestate
708 1691 934 1760 16116116116616,
962 1690 1048 1760 cujus

91 1789 97 1801 ·
124 1758 272 1828 objectum
295 1760 447 1814 materiale
474 1763 521 1815 est
554 1764 672 1834 duplex,
696 1764 802 1832 dogma
826 1764 856 1816 et
880 1760 1044 1830 disciplina.
1084 1759 1136 1822 168
1199 1786 1201 1790 ·

159 1832 228 1885 11666
240 1829 359 1884 interna
372 1832 548 1901 temperatio
562 1835 700 1890 Ecclesiae
715 1832 876 1904 respondet
892 1825 1047 1902 conceptui

120 1899 250 1971 juridico
265 1901 414 1956 societatis
427 1901 584 1971 religiosae.
1084 1903 1136 1956 170

372 2025 437 2088 511.
452 2026 493 2078 De
506 2027 630 2081 externo
645 2025 783 2082 Ecclesiae
797 2026 888 2082 statu.

134 2132 137 2141 ¹
174 2147 178 2153 “
270 2146 291 2195 Ι.
304 2146 343 2195 De
356 2149 423 2196 statu
437 2151 542 2198 externo
556 2164 588 2199 ex
601 2165 690 2199 rerum
704 2153 797 2199 natura
808 2149 990 2199 efflorescente.

159 2255 287 2312 Ecclesia
300 2257 331 2310 61
350 2257 445 2311 status
466 2258 604 2327 politicus
628 2259 728 2329 aliquo
743 2271 832 2312 sensu
846 2256 904 2312 diei
922 2257 1049 2327 possunt

123 2330 226 2385 mutuo
240 2324 481 2396 independentes‚
493 2332 592 2384 tamen
607 2330 637 2383 in
652 2328 775 2384 materia
790 2328 879 2383 mixta
887 2328 938 2397 jus
953 2327 1049 2382 Eccle-

124 2398 177 2454 siae
190 2396 342 2467 praevalet.
359 2399 400 2451 De
413 2400 528 2453 ratione
564 2400 683 2455 rimatiae
698 2398 842 2454 Ecclesiae.
1086 2398 1134 2453 171

159 2471 268 2524 ’1116616
283 2466 459 2523 LEcclesia
468 2470 524 2539 jus
539 2416 675 2526 1166166
689 2484 787 2540 propa
810 2468 885 2524 andi
899 2482 956 2539 per
969 2466 1048 2523 uni·
1068 2523 1069 2527 ,

125 2554 251 2595 versum
275 2538 393 2606 orbem,
410 2540 505 2595 etiam
529 2542 703 2596 reluctante
729 2486 817 2596 civili
838 2541 999 2610 potestate.
1014 2568 1050 2578 -

125 2612 197 2665 Nam
213 2622 314 2665 omnes
328 2609 461 2665 homines
477 2614 547 2666 sunt
561 2612 730 2668 virtualiter
744 2612 791 2666 vel
806 2610 968 2665 formaliter
977 2610 1049 2665 sub·
1107 2640 1109 2647 ·

126 2679 180 2736 diti
194 2680 418 2750 Ecclesiaepquae
436 2685 482 2736 661
496 2683 622 2737 societas
637 2682 783 2753 superior.
1085 2682 1136 2735 171

162 2751 382 2807 Corollarinm.
397 2754 473 2821 Ergo
484 2754 534 2821 jus
549 2754 718 2808 1161616666
732 2751 940 2807 constituendi.
1085 2754 1136 2808 1723

162 2823 336 2878 Deambitu
355 2823 484 2892 jurium
500 2821 646 2878 Ecclesiae
665 2827 700 2878 in
720 2826 897 2879 societatem
913 2820 1048 2886 civilem,

127 2894 156 2950 1ο
170 2893 344 2964 infidelium,
359 2898 389 2949 20
400 2895 621 2960 11661611661616,
639 2894 669 2948 3ο
685 2893 912 2949 catholicorum.
1087 2895 1136 2949 173

160 2966 278 3020 Tussis.
293 2964 402 3021 Status
415 2964 565 3033 politicus
580 2965 692 3020 atheus
709 2979 772 3019 esse
787 2964 909 3035 aequit.
925 2992 960 3005 -
975 2963 1048 3018 Cum

124 3036 276 3091 Atheismo
291 3036 377 3103 legali
395 3038 530 3105 componi
554 3037 658 3107 nequit
670 3038 698 3091 1ο
716 3036 918 3105 tranquillitas
940 3034 1046 3097 civilis,

124 3109 156 3163 2⁰
165 3109 265 3162 mutua
281 3106 450 3176 conjunctio
474 3108 624 3162 societatis
638 3106 735 3161 civilis
756 3109 786 3161 et
807 3106 956 3161 societatis
974 3104 1061 3159 reli--

124 3177 229 3245 giosae;
255 3178 285 3232 3⁰
309 3178 451 3232 absolutae
469 3178 520 3232 bei
544 3178 692 3233 voluntati
715 3178 862 3247 repugnat
880 3174 1050 3232 istiusmodi

124 3248 294 3304 atheismus.
681 3270 682 3276 ¹
1085 3246 1135 3301 171

161 3321 191 3375 1⁰
206 3319 249 3373 De
266 3318 405 3374 libertate
420 3317 577 3373 cultuum.
594 3319 678 3374 Falsa
693 3320 739 3373 661
753 3316 888 3375 doctrina
902 3332 968 3389 quae
982 3331 1049 3388 pro·

122 3392 271 3461 pugnaret
285 3390 451 3445 libertatem
466 3389 598 3444 cultuum
613 3392 753 3459 tanquam
766 3390 943 3461 principium
956 3388 1048 3458 aequi-
1110 3454 1112 3461 Α

124 3462 196 3516 tatis
210 3460 363 3516 naturalis.
379 3460 446 3515 Sola
461 3461 623 3515 necessitas
641 3463 741 3530 potest
755 3461 883 3515 eximere
897 3460 1048 3530 principes
1106 3487 1107 3491 =

125 3531 161 3588 ab
176 3532 353 3601 obligatione
366 3531 470 3586 tuendi
484 3545 589 3586 verum
604 3531 726 3586 cultum.
784 3544 785 3551 ¹
1084 3531 1136 3585 176

159 3606 190 3657 2⁰
204 3602 249 3658 De
274 3602 415 3658 libertate
434 3603 642 3658 conscientia.
667 3600 853 3671 Ambiguitas
873 3599 999 3655 nominis
1015 3600 1045 3653 61

125 3676 295 3745 conceptus,
321 3673 352 3728 et
380 3673 548 3728 absurditas
573 3672 793 3744 postulatorum
830 3685 958 3744 quorum
992 3684 1047 3743 ope
