2642 4250
444 280 547 322 armat
569 274 726 322 sonamus.
1046 262 1106 322 205

127 394 294 454 Probatur
304 394 341 452 ll.
359 393 523 452 Securitas
534 391 659 469 jurium
684 388 929 466 particularium
946 409 961 452 a
980 395 1105 455 civibus

90 474 198 551 repeti
208 477 320 549 potest
332 488 375 532 ex
389 474 569 532 ministerio
581 470 747 550 judicum;
764 471 842 532 inde
854 474 952 543 cites,
967 471 1001 532 in
1016 478 1106 534 statu

88 551 271 625 conflictae,
287 553 414 630 J'nrium
432 553 591 612 laesorum
612 550 925 628 redintegrationem
952 551 1105 616 obtinent

88 633 267 693 ministerio
290 633 500 694 tribunalium
520 632 682 702 civilium;
704 631 765 690 sed
784 635 869 691 inter
893 637 1012 710 gentes
1028 634 1102 693 nul-

88 712 251 792 lusjudex
263 716 375 788 potest
389 711 526 788 reperiri
536 711 663 770 habens
679 714 908 772 auctoritatem
923 712 1104 774 coactivam

88 795 122 853 in
134 793 303 870 litigantes
319 811 326 850 :
352 807 431 870 ergo
446 796 596 853 remanet
610 806 681 850 sors
695 791 784 850 belli.

129 873 243 950 ltaque
259 888 334 932 cum
344 872 421 950 jura
433 870 609 931 incolumia
626 869 794 930 interdum
808 871 932 930 servari
945 887 1012 932 non
1026 888 1101 949 pos-

87 954 153 1013 sint
175 953 240 1013 nisi
263 951 415 1028 urgendo
426 952 483 1030 jus
498 948 694 1021 securitatis,
709 949 745 1010 tit
758 955 795 1010 ut
808 951 933 1010 bellum
949 951 1101 1028 quando·

89 1047 154 1109 que
168 1034 211 1092 sit
230 1033 364 1092 unicum
383 1030 530 1091 medium
549 1029 800 1106 redintegrandi
818 1029 982 1106 ordinem,
1003 1047 1099 1109 repa-

88 1111 181 1173 randi
198 1111 366 1182 damnum,
385 1127 423 1171 ae
436 1108 575 1188 proinde
591 1109 700 1170 evadit
713 1109 860 1170 medium
872 1111 1011 1189 justum.

126 1193 197 1252 345.
226 1226 265 1234 -
291 1191 470 1252 Sabellam.
499 1189 584 1249 lllud
609 1188 787 1250 discrimen
813 1189 988 1251 intercedit
1015 1191 1102 1252 inter

88 1286 266 1345 personam
290 1272 450 1347 privatam
477 1274 510 1329 et
535 1270 741 1340 societatem,
769 1268 856 1347 quod
886 1271 940 1330 illa
963 1269 1004 1330 de
1023 1271 1101 1349 Jure

88 1366 147 1410 suo
174 1351 300 1427 aliquid
329 1349 449 1411 cedere
477 1354 596 1425 potest,
625 1349 751 1410 virtutis
779 1366 903 1420 amore,
932 1349 1012 1410 dum
1033 1352 1101 1410 haec

88 1431 265 1507 aliquando
287 1438 414 1491 naturae
436 1427 542 1490 officio
566 1427 710 1506 adigitur
730 1426 772 1488 ad
789 1431 848 1509 jus
873 1431 1030 1490 violatum
1059 1431 1100 1491 ab

88 1512 177 1572 omni
201 1510 322 1589 injuria
347 1515 454 1570 tutum
482 1509 720 1585 praestandum,
749 1513 785 1567 ut
815 1510 902 1570 bono
937 1513 1102 1572 communi

88 1589 252 1652 sociorum
284 1590 444 1650 consulat.
468 1587 619 1649 Officium
641 1591 730 1648 enim
743 1587 934 1667 invigilandi
955 1589 1102 1651 felicitati

88 1670 235 1729 omnium
262 1671 486 1730 membrorum
507 1669 673 1729 societatis
699 1671 858 1729 incumbit
884 1686 1012 1730 summo
1038 1671 1099 1729 im-

88 1752 227 1823 peranti,
251 1753 307 1826 qui
325 1747 464 1827 proinde
479 1752 595 1825 nequit
609 1747 739 1808 arbitrio
755 1763 815 1808 suo
830 1750 957 1809 bonum
971 1749 1101 1810 illorum

87 1829 157 1888 aliis
186 1829 342 1908 gentibus
363 1830 553 1904 permittere
585 1827 680 1906 (331).
715 1829 772 1887 lus
806 1829 885 1889 belli
919 1828 1102 1907 respondet

88 1907 192 1969 officio
215 1908 435 1986 prospiciendi
455 1905 601 1968 felicitati
622 1907 776 1984 publicae,
801 1914 834 1970 et
855 1908 975 1969 exinde
995 1925 1101 1987 penes

87 2002 276 2064 supremam
309 1992 510 2066 potestatem
543 1987 679 2058 residet,
717 2003 791 2065 quae
827 1994 921 2050 actus
959 1989 1099 2052 sociales

90 2074 233 2131 exercet.

87 2193 155 2254 346.
184 2227 222 2235 -
245 2196 354 2254 Tarsis
378 2195 414 2254 ll.
444 2193 621 2253 arcellam
647 2194 689 2252 sit
712 2194 893 2267 legitimam
921 2197 1102 2271 requiritur

124 2290 225 2334 caasa
232 2274 326 2349 jacta
340 2273 511 2333 moraliter
525 2279 613 2333 certa
628 2277 656 2331 et
672 2275 840 2332 necessitas
850 2274 987 2349 praprr'c
1001 2278 1097 2335 dt'cta.

124 2399 290 2456 Probatur
306 2399 334 2457 1ῃ
344 2412 437 2471 pars.
453 2396 580 2456 Bellum
601 2395 698 2455 trahit
719 2409 833 2455 secum
854 2397 1002 2473 ingentia
1014 2396 1101 2456 mala

88 2484 118 2536 et
132 2476 233 2537 duras
248 2477 466 2548 calamitates;
484 2476 575 2552 atqui
590 2479 636 2535 tot
652 2480 686 2535 et
701 2478 808 2535 tantas
824 2490 983 2535 aerumnas
999 2490 1097 2536 nemo

86 2554 206 2617 inferre
238 2558 326 2618 licite
358 2561 478 2633 potest,
512 2557 574 2614 nisi
605 2553 691 2615 adsit
718 2569 816 2614 causa
847 2555 1039 2632 gravissima
1065 2559 1100 2615 et

85 2637 208 2697 instans
233 2656 241 2695 ε
265 2636 387 2696 laedere
410 2639 499 2696 enim
530 2637 716 2710 proximum
741 2638 882 2703 vetatur,
907 2639 940 2694 et
966 2636 1022 2695 illo
1044 2632 1093 2695 of-

85 2715 157 2776 ficio
188 2722 317 2777 naturae
341 2732 457 2776 omues
480 2713 718 2788 devinciuntur,
742 2713 908 2791 principes
932 2719 964 2773 et
989 2714 1095 2775 socie-

88 2800 181 2869 tates,
215 2811 282 2855 non
312 2812 411 2856 secus
442 2812 480 2855 ac
509 2794 659 2855 homines
695 2792 865 2853 individui.
902 2794 999 2871 Erga,
1036 2795 1097 2855 nisi

87 2874 170 2935 adsit
205 2892 315 2946 causa,
353 2880 386 2935 et
424 2874 558 2952 quidem
587 2876 792 2952 gravissima,
829 2879 985 2949 respectu
1019 2874 1098 2935 boni

87 2955 220 3029 publici,
248 2955 366 3015 summi
393 2956 594 3030 imperantes
619 2955 667 3013 rei
695 2958 806 3013 essent
832 2959 878 3014 tot
901 2951 1042 3013 caedium
1065 2960 1098 3015 et

87 3036 248 3096 malorum
279 3050 354 3112 quae
390 3049 504 3094 secum
538 3034 636 3093 trabit
670 3033 806 3102 bellum,
844 3035 877 3091 et
912 3032 981 3093 laesi
1013 3034 1097 3111 juris

87 3120 224 3186 naturae,
248 3115 420 3175 sibonum
443 3113 610 3189 publicum
636 3129 677 3172 ex
703 3111 899 3173 necessitate
925 3126 993 3172 non
1018 3129 1095 3189 pos·

86 3201 176 3256 cerat
208 3196 272 3256 tale
302 3193 459 3254 medium.
492 3194 531 3253 Et
560 3192 632 3251 haec
666 3208 765 3252 causa
796 3190 898 3251 debet
928 3207 1002 3251 esse
1034 3192 1097 3269 ipsi

86 3275 223 3352 principi
244 3274 368 3335 bellum
389 3272 550 3333 moventis
564 3273 737 3333 moraliter
750 3275 850 3345 carta,
866 3284 944 3331 nam
959 3270 1096 3333 eftectus

86 3362 161 3415 sunt
183 3356 265 3416 certi
287 3360 320 3414 et
339 3353 532 3432 gravissimi.
574 3408 578 3414 .

124 3436 286 3495 Probatur
305 3434 337 3493 2²
354 3450 447 3509 parc.
475 3431 602 3492 Bellum
627 3435 679 3490 est
703 3427 887 3492 remedium
914 3434 1098 3492 extremum

85 3514 179 3577 valde
201 3513 425 3591 periculosum
446 3518 479 3571 et
501 3513 533 3571 in
555 3525 591 3571 se
614 3509 873 3580 odiosissimum
898 3511 988 3587 atqui
1003 3510 1096 3573 nefas

86 3603 135 3653 cst
155 3596 248 3656 istius
268 3591 358 3653 modi
379 3591 526 3653 remedia
548 3588 706 3651 adbibere
729 3590 799 3651 sine
815 3588 964 3651 absoluta
978 3607 1096 3653 neces·

84 3673 180 3735 sitate
213 3694 220 3734 ε
257 3673 330 3752 quis
362 3671 451 3732 enim
482 3669 644 3747 medicae,
676 3686 707 3733 v.
735 3686 782 3750 g,
809 3671 844 3731 in
869 3684 997 3735 summo
1019 3674 1095 3734 vitae
