2642 4250
474 263 576 304 arrum
596 263 768 321 consutus.
1040 248 1042 253 ’
1094 249 1132 310 51

151 377 266 453 ltaque
282 375 377 452 plura
396 379 475 435 sunt
489 375 703 438 subordinate
718 379 877 455 principia
897 376 1055 441 directiva
1073 396 1129 440 ac·

110 461 204 516 tuum
227 457 463 528 humanorum,
485 472 555 533 quae
585 457 835 534 generalissime
863 462 1012 535 spectata
1032 475 1128 523 revo-

107 539 226 596 cantur
241 535 284 596 ad
300 534 377 609 duo,
394 551 531 612 nempe:
551 538 579 597 1⁰
594 535 842 612 adproximant
858 543 891 599 et
905 539 1128 614 subjectivum,

107 616 200 693 quod
216 621 267 676 est
281 616 362 676 ratio
380 615 507 677 dictans
522 617 683 676 voluntati
698 616 778 694 quid
793 619 833 678 sit
853 619 988 690 bonum,
1006 619 1127 696 quidve

106 696 244 767 matum,
264 698 297 756 2⁰
321 694 364 754 ad
392 701 553 755 remotum
581 701 614 756 et
643 697 846 771 objectioum,
876 697 965 775 quod
995 703 1046 759 est
1073 701 1128 761 lex

105 780 240 849 aeterna,
271 792 334 836 seu
360 774 435 836 idea
470 775 594 836 ordinis
626 777 770 838 universi
806 779 840 837 in
872 781 986 838 mente
1018 777 1128 842 divina
1239 823 1242 827 -

107 858 267 917 existens.

146 935 214 996 Sed
227 936 283 995 lex
297 938 429 1008 aeterna,
446 937 482 994 ut
498 919 649 1005 diximus,
661 952 680 994 a
694 935 821 996 ratione
833 936 1124 1015 humanacognos·

107 1017 192 1076 citur
205 1017 240 1075 in
256 1015 430 1075 effectibus
449 1013 559 1075 divinae
575 1015 752 1090 sapientie,
765 1014 909 1094 ideoque
924 1017 958 1076 in
968 1017 1067 1095 hujus
1076 1021 1125 1080 in·

105 1095 202 1156 tinitae
218 1094 384 1171 sapientia
398 1092 717 1156 manifestationibus
732 1099 891 1167 externis;
909 1099 1123 1174 quamobrem

108 1176 269 1252 principia
294 1175 451 1250 objectiva
474 1176 661 1233 immediate
680 1175 857 1250 diripentiu
875 1192 936 1252 per
959 1177 1124 1256 ejusmodi

107 1253 393 1316 manifestationes
410 1258 562 1314 externas
580 1252 851 1315 determinantur.
910 1271 915 1276 ·

146 1337 197 1398 92.
214 1369 254 1378 -
268 1337 402 1394 Divisio
418 1335 489 1393 tarn
504 1350 582 1394 vero
600 1349 676 1393 cum
698 1350 739 1392 ex
757 1352 824 1396 una
843 1340 935 1411 parte
956 1337 1123 1398 moralitas

105 1415 147 1475 sit
172 1413 255 1474 ordo
281 1416 446 1475 actionum
469 1414 689 1473 humanarum
712 1431 788 1474 cum
809 1416 995 1490 honestate,
1023 1421 1056 1477 et
1081 1433 1123 1477 ex

105 1495 208 1555 altera
223 1499 317 1570 parte
332 1493 486 1553 honestas
501 1493 543 1554 sit
559 1494 786 1553 convenientia
803 1510 902 1571 quam
921 1497 1045 1556 bonum
1062 1498 1120 1558 ali-

104 1574 194 1650 quod
210 1579 242 1635 vi
257 1578 374 1648 suapte
392 1573 492 1632 habet
512 1588 588 1632 cum
606 1583 723 1633 natura
741 1575 891 1634 rationali
912 1574 961 1654 (lt,
983 1574 1065 1653 318),
1086 1576 1123 1637 fit

102 1660 138 1714 ut
153 1655 272 1713 bortum
292 1658 428 1722 naturae,
450 1666 517 1712 non
537 1669 702 1728 apparens
721 1654 782 1714 sed
803 1655 904 1725 reale,
926 1656 1046 1716 habeat
1066 1674 1119 1716 ra-

104 1737 228 1794 tionem
243 1734 394 1809 principii
410 1732 591 1809 dirigentis
609 1734 768 1794 Voluntas
780 1736 867 1794 enim
882 1750 949 1794 non
961 1740 1120 1811 appetere

101 1817 216 1888 potest
229 1815 292 1874 nisi
310 1814 435 1872 bonum
450 1812 496 1891 (ll,
516 1810 598 1890 206),
621 1816 654 1873 et
675 1813 806 1890 quando
826 1829 894 1873 non
914 1818 1039 1891 appetit
1057 1817 1120 1876 nisi

100 1893 225 1954 bonum
241 1899 500 1954 consentaneum
516 1898 638 1952 naturae
652 1893 814 1966 rationali,
829 1898 920 1954 recte
940 1897 1065 1972 appetit
1085 1903 1120 1958 et

101 1992 119 2035 o
147 1979 268 2032 eretur.

121 1990 269 2113 pBonum
284 2068 302 2111 a
317 2051 519 2129 philosophis
535 2051 740 2113 scholasticis
755 2050 952 2130 principium
972 2055 1119 2118 uttr‘cicus

100 2134 210 2195 vocari
235 2134 330 2204 solet,
356 2148 422 2192 una
447 2148 519 2192 cum
542 2130 661 2191 lineet
684 2132 908 2207 beatitudine,
935 2134 996 2194 sed
1015 2136 1118 2198 habet

100 2213 201 2273 etiam
222 2214 330 2290 aliquo
351 2228 454 2272 sensu
471 2212 635 2271 rationem
655 2214 806 2288 principii
828 2212 1012 2291 dirigentis
1034 2217 1134 2276 Nam

99 2295 267 2370 possessio
292 2293 371 2352 boni
396 2296 446 2352 est
463 2290 536 2352 finis
555 2292 745 2362 voluntatis
765 2293 799 2351 in
820 2299 980 2370 quantum
1001 2297 1030 2356 ei
1052 2297 1116 2357 bo·-

98 2388 180 2432 num
196 2370 353 2443 ostendit,
368 2372 450 2431 utin
467 2388 505 2432 eo
521 2373 592 2447 ipsa
607 2376 716 2431 motus
738 2388 816 2432 suos
834 2372 935 2434 finiat.
958 2374 1023 2435 Sed
1034 2373 1116 2436 -finis

97 2453 238 2531 alicujus
266 2455 375 2512 motus
407 2455 458 2511 est
487 2450 596 2527 aliquo
631 2451 730 2511 modo
755 2454 873 2529 regula
898 2459 930 2514 et
960 2470 1115 2516 mensura

97 2532 198 2613 hujus
223 2536 342 2602 motus,
372 2528 517 2607 ideoque
547 2530 620 2591 finis
641 2532 890 2607 haheripotest
919 2538 956 2593 ut
979 2534 1114 2613 aliquod

97 2613 296 2689 principium
320 2610 520 2689 objectivum
536 2610 682 2689 dirigens
698 2630 706 2670 ε
726 2611 808 2672 illud
822 2630 900 2673 vero
916 2616 1112 2690 principium

98 2692 210 2770 dirigit
228 2708 289 2767 per
306 2691 429 2768 legem,
453 2707 523 2768 qua
543 2695 593 2751 est
617 2690 768 2766 quadam
786 2692 953 2753 rationalis
974 2693 1111 2758 directio

97 2772 253 2833 adfinem
267 2773 491 2847 praestitutum.

135 2854 186 2914 93.
205 2886 243 2895 —
258 2850 490 2924 Quamobrem,
506 2849 549 2909 ad
563 2846 690 2909 fontem
703 2848 929 2912 immediatum
943 2855 1112 2915 moralita-

98 2933 136 2992 tis
151 2930 214 3010 (85)
230 2930 320 3008 q'uod
334 2930 463 3001 attinet,
479 2927 506 2989 si
520 2929 611 2988 illum
624 2928 794 3007 adaequate
806 2930 1064 3006 consideramus
1077 2936 1111 2995 in

96 3012 166 3088 ipso
186 3008 477 3087 deprehendemus
498 3012 535 3067 ut
557 3008 717 3085 principia
744 3009 937 3089 dirigentia:
957 3016 987 3073 t⁰
1009 3013 1110 3074 finem

95 3096 217 3153 naturae
235 3092 396 3160 humana,
419 3092 545 3165 quiesi
569 3089 679 3165 aliqua
699 3106 815 3151 norma
838 3091 964 3169 legum,
990 3093 1110 3170 quibus

95 3175 211 3232 natura
233 3171 301 3231 haec
325 3170 461 3248 regitur,
488 3172 521 3228 et
538 3170 690 3247 regulam
710 3170 909 3248 objectivam
923 3172 1111 3247 pecoralem

95 3254 277 3325 constituit3
296 3250 327 3309 2⁰
341 3250 464 3328 legem,
482 3264 552 3325 qua
567 3247 719 3310 ordinem
731 3251 926 3311 rationalem
941 3252 1107 3328 operatio-

93 3347 172 3391 num
187 3332 406 3392 humanarum
421 3328 463 3388 ad
478 3327 567 3388 hunc
580 3326 682 3389 finem
698 3328 832 3406 speciali
846 3328 946 3390 modo
963 3332 1107 3404 exhibet,

94 3416 127 3472 et
151 3415 203 3472 est
225 3424 343 3472 norma
365 3408 500 3469 rationis
526 3407 708 3486 dirigentis,
741 3426 780 3469 ac
804 3409 920 3487 regula
945 3412 1109 3491 objectiva

93 3491 259 3567 speciatis;
279 3490 310 3549 3⁰
333 3489 436 3566 ipsam
456 3486 616 3548 rationem
636 3489 684 3549 sic
702 3490 779 3569 lege
797 3486 1014 3565 informatam,
1036 3510 1107 3570 quae

95 3571 228 3632 exhibet
243 3569 394 3631 ordinem
409 3573 534 3628 rectum
551 3571 716 3645 quatenus
728 3569 913 3647 cognitum3
931 3577 965 3632 et
977 3572 1044 3634 haec
1057 3578 1109 3633 est

92 3651 209 3731 regula
223 3650 371 3728 proxima
381 3652 415 3711 et
425 3648 620 3728 subjectiva,
633 3664 695 3709 seu
704 3648 900 3725 principium
913 3648 1107 3716 directivum
