2642 4250
190 181 227 242 la
500 200 680 243 assummum
700 197 905 242 ruriosormra

188 325 286 370 causa
321 311 495 384 naturalis,
531 317 567 371 ut
602 311 750 384 morbus,
787 309 1008 388 naufragium,
1041 314 1120 383 eta,
1153 310 1212 370 vel

187 405 286 451 causa
308 389 424 462 libera,
448 399 484 453 ut
505 391 533 451 si
554 391 636 452 latro
658 407 775 454 necem
800 392 859 453 tibi
872 391 1014 450 minetur
1028 390 1089 451 nisi
1104 405 1210 465 pecu-

184 471 273 530 niam
294 485 460 531 numeres.
492 505 530 513 —
553 471 609 531 llle
638 471 789 547 procedit
816 471 856 532 ab
883 473 1076 540 intrinsece,
1104 484 1210 546 quem
1311 504 1313 507 ·

183 549 282 610 homo
305 550 395 626 apud
417 566 454 610 se
476 551 613 612 interius
637 551 787 628 concipit,
815 557 852 611 ut
874 550 953 610 dum
983 549 1102 627 aegroti
1132 563 1208 609 me·

184 633 280 691 tuunt
300 635 452 690 mortem.

186 758 234 819 18.
257 791 295 801 -
317 761 424 820 Tarsis
447 761 469 820 1.
494 763 568 830 Quae
588 761 670 836 patui
694 777 737 820 eac
754 767 852 828 rnatu,
873 761 971 821 etiam
999 761 1106 836 praui,
1130 765 1208 819 sunt

225 839 322 980 stragi
336 839 525 914 simpliciter
538 841 736 912 uoluntaria,
752 847 781 902 et
795 840 1015 921 involuntarie
1028 842 1206 901 secuitdunn

224 935 312 994 qut.

149 1038 152 1044 ’
224 1027 387 1088 Probatur
411 1032 440 1090 1ι
463 1047 552 1102 pars.
581 1029 665 1090 lllud
691 1036 741 1090 est
765 1031 955 1107 simpliciter
982 1029 1207 1091 voluntarium

184 1106 283 1184 quod,
308 1110 492 1184 perspectis
508 1111 660 1170 omnibus
677 1111 937 1182 circumstantie,
960 1111 1128 1174 volumus:
1153 1114 1204 1170 at-

183 1185 248 1265 qui,
273 1204 343 1264 quae
364 1186 446 1249 fiunt
469 1205 510 1248 ex
530 1196 633 1257 metu,
659 1193 764 1252 etiam.
780 1191 883 1270 gravi,
908 1192 1073 1268 eliguntur
1095 1189 1136 1250 ad
1158 1191 1205 1248 vi-

182 1266 320 1327 tandum
342 1270 527 1345 periculum
548 1270 725 1330 imminens
743 1289 750 1329 :
767 1271 835 1330 haec
855 1273 967 1347 itaque
988 1271 1118 1346 patiens
1133 1285 1206 1329 sus-

182 1347 268 1424 cipit,
295 1347 410 1424 eisque
433 1349 557 1420 annuit,
576 1365 647 1426 quae
662 1350 762 1411 habet
783 1355 821 1410 ut
841 1349 1114 1426 impedimentum
1137 1366 1206 1409 rna-

176 1427 260 1505 joris
282 1427 359 1489 maii
382 1428 472 1505 quod
496 1431 682 1490 timebatur.
706 1432 803 1506 Erga,
828 1430 1070 1490 examinatione
1086 1443 1207 1504 pensa-

181 1509 235 1646 tisl
252 1507 404 1568 omnihus
436 1509 698 1583 circumstantiis,
730 1511 815 1570 hano
853 1517 981 1587 partem
1012 1508 1206 1586 simpliciter

182 1602 344 1650 voumus.

220 1667 386 1726 Probatur
415 1668 447 1726 2²
477 1684 566 1742 pars.
600 1669 659 1730 Ubi
690 1668 854 1744 reperitur
884 1669 994 1746 aliqua
1024 1666 1202 1728 voluntatis

182 1746 412 1824 repugnantia,
435 1746 479 1807 ibi
502 1749 599 1808 etiam
622 1753 673 1808 est
696 1747 845 1824 quadam
870 1751 952 1808 ratio
974 1746 1198 1813 involuntarii;

182 1827 272 1903 atqui
295 1842 365 1903 qua
386 1824 467 1885 fiunt
489 1843 529 1886 ex
551 1832 649 1900 meta,
673 1829 805 1889 nonnisi
827 1845 901 1888 cum
923 1829 1031 1904 aliqua
1052 1827 1201 1886 volunta-

183 1905 224 1966 tis
247 1907 469 1984 repugnantia
490 1923 551 1967 seu
571 1909 754 1968 resistentia
774 1907 857 1968 fiunt
880 1927 887 1968 :
911 1923 988 1967 nam
1009 1908 1106 1967 homo
1131 1905 1200 1964 tali—

182 1990 234 2044 ter
254 2003 321 2046 non
344 1991 469 2064 ageret,
494 1987 520 2046 si
542 1993 649 2048 metus
673 1989 815 2048 abesset.
839 1989 924 2064 Ergo
955 2003 1025 2064 que
1055 1987 1137 2046 irunt
1159 2001 1201 2045 ex

180 2069 284 2139 meta,
308 2070 385 2127 sunt
413 2066 627 2129 involuntaria
650 2068 837 2129 secundum
859 2066 949 2145 quid.

222 2148 270 2208 19.
296 2180 332 2189 -
357 2146 533 2207 Saboiiunt.
558 2148 589 2207 Si
612 2151 723 2208 tamen
744 2153 853 2209 metus
873 2152 921 2210 ita
940 2147 1111 2206 hominem
1125 2160 1200 2220 per·

179 2227 326 2287 turbaret
345 2230 383 2285 ut
406 2229 628 2303 cognitionem
649 2228 782 2304 penitus
806 2228 895 2288 tollat
916 2232 949 2287 et
971 2225 1091 2287 exinde
1108 2227 1196 2285 eiec-

178 2306 302 2367 tionem
326 2306 526 2384 exstinguat,
550 2308 632 2369 actio
657 2312 746 2367 esset
760 2309 952 2383 simpliciter
964 2306 1200 2374 involuntaria;

180 2384 241 2446 sed
262 2386 297 2447 id
319 2389 435 2463 prater
457 2387 617 2446 rationem
649 2392 757 2448 metus
780 2386 907 2458 accidit,
933 2386 999 2463 qui,
1023 2401 1063 2445 ex
1093 2386 1200 2463 hypo-

180 2466 275 2537 thesi,
299 2465 438 2525 hahetur
460 2472 495 2526 ut
516 2468 672 2527 motivum
697 2468 921 2527 determinans
950 2466 1111 2526 actionem
1137 2484 1144 2525 :
1166 2464 1201 2523 in

180 2548 332 2621 praesenti
360 2546 446 2605 enim
474 2561 564 2616 casu,
590 2550 700 2606 metus
728 2562 795 2608 uon
822 2552 923 2621 esset,
952 2546 1071 2605 saltem
1096 2546 1130 2605 in
1152 2544 1200 2603 in-

181 2626 327 2686 tentione
360 2628 499 2703 agentis,
531 2627 611 2686 ratio
645 2627 750 2689 taliter
779 2626 913 2704 agendi,
946 2641 1007 2685 seu
1037 2624 1195 2683 motivum

179 2705 311 2781 proprie
335 2704 457 2765 dictum
481 2724 488 2765 :
506 2709 663 2782 praeterea
678 2707 824 2782 operatio
841 2704 1006 2784 ejusmodi
1020 2720 1086 2763 non
1112 2709 1202 2763 esset

180 2788 272 2845 actus
292 2784 465 2855 humanus
490 2801 527 2845 ac
548 2784 689 2862 proinde
710 2786 779 2847 haec
800 2785 995 2867 hypothesis
1018 2787 1109 2845 extra
1131 2786 1197 2843 sta-

180 2869 250 2925 tum
273 2866 457 2943 quastionis
480 2868 648 2943 evagatur.

507 2992 553 3049 De
568 2990 675 3049 causis
689 2990 879 3049 intrinsecis.

215 3100 267 3163 20.
280 3134 318 3144 —·
329 3101 367 3161 111
373 3147 379 3161 .
396 3102 442 3160 Du
457 3119 646 3174 inueniunt.
660 3136 699 3145 —
710 3100 898 3181 ignorantia
910 3100 1079 3177 tripliciter
1091 3100 1200 3160 oonsi-

178 3181 286 3244 derari
316 3185 437 3257 potest,
469 3182 594 3243 scilicet
626 3198 668 3243 ex
697 3187 792 3258 parte
824 3182 980 3260 subjecti,
1012 3178 1137 3258 objecti
1169 3181 1203 3239 et

182 3265 288 3324 actus.

188 3408 190 3412 ,
217 3344 240 3402 Ι.
272 3339 408 3410 Ratione
440 3339 583 3415 subjecti,
621 3343 650 3402 1⁰
685 3340 746 3401 alia
782 3344 833 3401 est
863 3341 1025 3415 ueaatiua,
1055 3342 1204 3414 quaeest

177 3435 269 3481 mera
289 3419 468 3480 nescientia
500 3421 559 3489 rei,
590 3420 661 3481 sine
690 3421 756 3480 ulio
786 3436 909 3490 errore,
941 3418 1047 3496 qualis
1079 3421 1131 3477 est
1167 3416 1203 3477 in

175 3502 286 3579 pueris
303 3520 311 3561 :
327 3500 389 3560 alia
404 3503 455 3560 est
464 3501 640 3575 privativa,
658 3515 728 3577 qua
750 3503 801 3560 est
823 3499 1005 3561 nescientia
1019 3498 1067 3558 rei
1094 3510 1195 3574 quarn

179 3582 252 3659 quis
267 3582 352 3641 scire
369 3583 512 3641 tenetur.
