2642 4250
458 271 565 314 111111
587 267 744 312 serenus.
1050 241 1108 306 169

129 387 296 465 Principia
313 387 380 448 liaeo
394 385 667 464 supernaturalia,
683 397 805 460 nempe
821 381 957 440 virtutes
971 377 1106 437 Theolo-

84 467 181 546 gicae
197 472 229 528 et
244 467 331 528 dona
347 467 483 543 Spiritus
498 467 619 533 Sancti,
636 461 874 525 cumomnibus
884 459 999 538 gratiis
1010 460 1107 516 inter-

84 549 159 622 nis,
174 563 239 608 una
256 563 330 608 curn
345 548 508 608 activitate
523 545 664 607 naturali
678 542 832 612 hominis,
856 537 1058 601 constituunt
1074 537 1109 596 in

86 627 233 706 singulis
252 627 410 687 membris
430 623 556 686 fontem
576 624 790 702 adaequatum
809 617 1037 698 operationum
1058 633 1108 677 so·
1192 660 1198 670 .

89 708 237 778 cialium,
255 722 331 784 quae
347 705 487 784 proinde
504 705 601 765 etiam
622 705 749 764 ratione
764 703 926 778 principii
941 697 1110 772 subjeelim'

90 793 166 848 toto
183 787 263 846 coelo
281 785 487 847 differuntab
503 783 752 861 operationibus
762 781 937 843 socialibus
947 781 982 839 in
993 775 1108 836 ordine

92 865 193 926 civili.
215 867 290 926 Haec
310 867 374 926 duo
397 865 560 926 elementa
580 864 779 926 constituunt
804 861 905 922 veluti
930 857 1108 923 essentiam
1178 862 1180 865 ’

92 947 268 1024 physicam
285 945 444 1006 Ecclesia.

141 1028 227 1087 lnler
240 1025 381 1085 animam
399 1029 433 1085 et
447 1039 565 1099 corpus
578 1021 729 1084 Ecclesiae
744 1020 840 1081 datur
858 1017 1085 1082 commercium
1100 1036 1109 1072 .-

96 1106 209 1166 anima
234 1119 353 1180 corpus
379 1102 516 1164 vivificat
539 1107 573 1163 et
598 1118 717 1178 eorpus
739 1101 774 1161 in
797 1099 940 1162 animam
964 1095 1109 1177 quodam

95 1184 200 1246 modo
213 1185 332 1263 magii,
348 1201 414 1245 non
430 1199 527 1243 secus
549 1183 640 1243 acin
659 1183 803 1242 humano
823 1180 1004 1242 individuo.
1027 1174 1106 1236 lnde

96 1263 247 1341 exsurgit
267 1264 412 1324 activitas
433 1280 493 1323 seu
512 1263 577 1324 vita
599 1260 867 1338 supernaturalis,
885 1265 953 1321 tum
968 1262 1108 1325 interna,

98 1349 169 1405 tum
185 1348 331 1404 externa.

141 1425 175 1483 ll.
197 1424 246 1483 Ab
267 1425 337 1500 ipsa
361 1423 503 1484 essentia
526 1420 694 1481 dimanant
715 1418 870 1496 quaedam
890 1419 1110 1496 proprietates

99 1502 306 1573 essentiales
323 1518 397 1579 quae
414 1507 489 1563 sunt
510 1522 517 1562 ε
533 1503 695 1570 1011111111,
719 1503 796 1576 quia
814 1499 958 1559 Christus
978 1500 1110 1558 unicam

98 1581 250 1643 fundavit
275 1585 479 1650 societatem,
505 1598 575 1658 quae
599 1580 780 1654 perdurare
808 1578 908 1639 debet
936 1593 1043 1656 usque
1067 1574 1109 1635 ad

100 1665 421 1724 consummationem
444 1662 570 1728 saeculi;
594 1661 625 1718 2⁰
649 1661 811 1731 seomtlcs,
835 1659 929 1736 origo
949 1659 1036 1718 enim
1061 1657 1112 1714 est

101 1746 225 1810 sancta,
240 1741 315 1802 finis
330 1747 475 1812 sanctus,
490 1739 599 1800 media
614 1744 742 1809 sancta;
759 1740 791 1799 3¹>
805 1739 1016 1808 calholicilas,
1033 1736 1111 1813 quia

98 1821 244 1882 Ecclesia
260 1826 311 1882 est
324 1839 389 1882 una
403 1825 560 1898 respectu
580 1822 680 1879 totius
699 1818 832 1896 generis
852 1818 996 1890 hnmani,
1020 1814 1110 1893 quod

101 1899 305 1962 sanctificare
322 1901 436 1971 debet;
453 1903 485 1960 4ο
501 1899 644 1975 denique
664 1898 892 1972 apostolicitm,
914 1899 988 1974 quia
1011 1911 1108 1971 apos-

102 1981 156 2040 toli
168 1978 306 2041 fuerunt
319 1980 497 2042 administri
512 1979 671 2041 Christiin
682 1975 856 2038 diffusione
866 1977 1032 2038 Ecclesiae.
1045 1974 1111 2036 Sed

99 2061 164 2121 istae
177 2061 394 2139 proprietates
409 2063 525 2138 praeter
537 2062 658 2119 statum
669 2057 844 2133 internum,
862 2073 962 2135 quem
975 2057 1110 2130 habent,

99 2145 198 2217 prout
212 2147 290 2203 sunt
304 2142 403 2202 veluti
415 2142 585 2217 explicatio
599 2143 779 2215 conceptus
790 2140 939 2199 essentiae
949 2136 1110 2207 Ecclesiae,

99 2220 224 2282 habent
240 2222 338 2282 etiam
354 2225 475 2281 statum
489 2219 789 2297 phaenomenicum,
810 2235 874 2295 quo
891 2220 1036 2278 exterius
1052 2232 1112 2276 ve-

100 2316 171 2359 ram
186 2300 304 2363 Christi
317 2301 495 2362 Ecclesiam
509 2298 722 2377 patefaciunt.
738 2299 777 2358 Et
789 2297 865 2359 ideo
880 2299 961 2359 dum
974 2312 1109 2357 sumun-

103 2386 154 2440 tur
171 2395 242 2456 prae
257 2381 310 2441 illo
326 2383 412 2441 statu
426 2379 672 2456 phaenomenico
688 2377 841 2439 dicuntur
854 2384 936 2438 notae
949 2377 1111 2446 Ecclesia,

102 2462 179 2536 quia
192 2461 279 2522 hanc
295 2461 474 2521 Ecclesiam
488 2460 641 2520 omnibus
654 2462 769 2518 notam
782 2455 918 2518 faciunt.

139 2541 181 2598 At
190 2540 368 2601 Ecclesiam
379 2555 473 2599 suam
483 2538 628 2599 Christus
637 2538 764 2597 ornavit
778 2538 977 2614 quibusdam
991 2550 1111 2613 praero-

12 2654 13 2671 2
101 2618 231 2697 galivis,
250 2634 324 2696 quae
338 2624 492 2695 spectatae
502 2620 534 2679 in
546 2617 661 2677 ordine
673 2617 715 2678 ad
731 2622 928 2693 conceptum
945 2616 1113 2685 essentiae,

12 2696 13 2763 Ϊ
101 2702 180 2759 sunt
192 2699 294 2760 veluti
309 2699 526 2774 superadditae
543 2716 550 2756 :
567 2700 655 2759 dotes
668 2696 818 2757 Ecclesiae
837 2714 855 2757 a
875 2696 1038 2773 theologis
1052 2710 1108 2771 ap·

12 2850 13 2857 ἵ
102 2776 218 2854 pellari
232 2779 350 2849 solent,
368 2795 442 2855 quae
459 2783 535 2839 sunt
547 2792 687 2837 numero
704 2782 769 2835 tres
783 2795 791 2836 :
803 2776 1067 2852 indefectibilitas
1079 2776 1113 2835 in

12 2864 14 2937 1
103 2857 291 2997 1111111ἓά1,
306 2859 527 2933 infallibiliter
539 2860 573 2918 in
588 2856 750 2928 docendo,
767 2859 945 2916 auctoritas
958 2857 1067 2917 divina
1080 2856 1113 2915 in

12 2938 13 3017 }
102 2954 209 3014 regen
235 2957 265 2999 0.

12 3026 14 3039 ·
144 3018 195 3081 111.
211 3015 379 3087 Ecclesiae,
397 3014 508 3093 quoad
528 3030 647 3092 eorpus
667 3014 836 3090 speciatim
855 3021 1026 3089 spectatae,
1049 3011 1113 3072 duo

12 3166 14 3177 ,
102 3100 181 3157 sunt
206 3096 369 3156 elementa
397 3116 404 3156 :
430 3110 582 3171 personae
605 3099 638 3155 et
659 3110 713 3153 res
734 3093 909 3154 sensibiles
925 3109 1000 3172 quae
1016 3094 1114 3152 etiam

12 3182 14 3213 ²
102 3176 257 3236 dicuntur
270 3175 390 3237 media.
413 3175 562 3236 Personae
579 3178 613 3235 in
624 3173 792 3250 duplicem
807 3173 948 3235 classem
968 3173 1112 3249 partiun-

102 3261 156 3317 tur
173 3275 179 3315 :
196 3254 371 3315 multitudo
396 3253 556 3321 fidelium,
583 3270 704 3329 nempe
729 3254 893 3313 sociorum
912 3253 922 3330 (
937 3254 1041 3330 quiin
1056 3266 1114 3310 nu-

102 3351 194 3396 mero
207 3351 272 3411 quo
287 3340 472 3407 censentur,
484 3335 558 3397 laici
570 3331 744 3410 dicuntur);
757 3337 790 3393 et
800 3349 894 3393 sacer
902 3334 1115 3409 principatus,

103 3414 199 3495 euJus
213 3414 362 3474 membra
378 3414 486 3475 clerici
501 3418 734 3490 nuncupantur
750 3432 757 3473 :
775 3417 852 3473 sunt
865 3412 887 3472 ii
904 3413 1024 3488 quibus
1039 3427 1118 3472 cura

103 3492 177 3554 finis
191 3495 331 3570 proximi
345 3494 505 3567 Ecclesia,
522 3510 644 3570 nempe
659 3491 922 3553 sanctificationis
936 3494 1117 3553 animarum

106 3578 157 3635 est
171 3573 377 3634 demandata.
395 3575 465 3634 llaec
480 3572 691 3634 sanctificatio
704 3588 746 3633 ex
759 3571 875 3633 Christi
886 3573 1117 3631 constitutione

106 3654 275 3714 obtinetur
287 3669 349 3730 per
361 3651 886 3724 sacramente,accedenletamen
898 3654 1119 3728 cooperatione

105 3734 288 3805 hominum,
305 3750 366 3810 per
378 3734 503 3794 realem
517 3731 617 3795 fidem
633 3736 667 3792 et
678 3732 802 3792 bonam
816 3728 928 3791 vitam.
