2642 4250
470 721 649 784 SECUNDA
663 720 762 782 PARS

374 911 576 989 ETHICA
594 910 866 1000 SPEOIALIS

450 1099 522 1162 suu
539 1098 789 1160 tusuarunru
852 1070 855 1074 ’

152 1273 220 1335 136.
239 1307 276 1316 -
292 1277 456 1336 llactenus
472 1271 752 1335 consideravimus
766 1271 926 1348 principia
942 1288 1013 1349 quae
1028 1272 1126 1333 actio-

109 1368 185 1414 nem
204 1354 382 1415 humanam
403 1360 459 1416 aut
478 1355 611 1416 eliciunt
624 1358 681 1414 aut
695 1353 841 1431 dirigunt
855 1350 898 1412 ad
919 1353 1124 1413 honestatem

108 1435 296 1512 generatim
315 1437 507 1510 inspectam.
528 1435 620 1494 Nunc
642 1434 745 1494 altero
763 1439 797 1494 et
817 1433 1002 1508 specialiori
1025 1431 1125 1493 modo

109 1513 337 1574 consideratur
357 1514 476 1576 eadem
495 1515 578 1573 actio
602 1513 759 1584 humana,
784 1513 937 1572 nimirum
962 1518 1126 1590 quatenus

109 1593 237 1654 elicitur
255 1595 295 1654 ah
314 1595 448 1655 homine
467 1596 500 1653 in
520 1592 736 1653 determinata
756 1591 945 1653 conditione
964 1597 1124 1668 spectato,

109 1687 180 1748 quae
195 1673 347 1736 ordinem
363 1673 406 1735 ad
422 1674 484 1734 alia
500 1671 587 1733 entia
603 1672 690 1733 dicit.
708 1675 820 1748 ltaque
834 1672 902 1732 hac
916 1687 993 1748 pars
1014 1672 1124 1733 ethica

110 1751 175 1813 dici
198 1760 309 1830 potest
332 1754 490 1830 spectatu,
516 1760 583 1813 tum
610 1756 638 1814 l⁰
665 1755 742 1829 quia
761 1752 922 1812 actionem
945 1753 1123 1812 humanam

109 1848 178 1892 non
199 1835 341 1912 amplius
357 1834 489 1910 inspicit
508 1835 541 1893 in
560 1848 697 1910 genere,
715 1831 776 1892 sed
796 1832 830 1891 in
847 1831 987 1908 quadam
1011 1831 1123 1908 speeie

111 1910 339 1987 determinata,
352 1919 420 1974 tum
429 1916 461 1974 2⁰
473 1913 547 1990 quia
558 1913 778 1984 honestatem,
791 1927 858 1971 non
869 1914 902 1973 in
913 1927 1050 1989 genere,
1063 1911 1123 1972 sed

110 1992 364 2055 determinatam
377 1992 520 2069 speciem
539 1992 721 2053 honestatis
739 1993 885 2052 rimatur.
903 1992 1010 2052 Potest
1025 1993 1124 2051 etiam

110 2073 270 2151 appellari
278 2075 337 2150 jhs
349 2079 484 2147 notura,
503 2075 579 2150 quia
593 2078 687 2134 actus
703 2071 889 2133 considerat
903 2077 1000 2150 prout
1011 2070 1125 2132 dicunt

109 2152 261 2215 ordinem
276 2154 319 2215 ad
333 2154 469 2214 alterum
485 2154 594 2230 aliquo
610 2153 708 2214 modo
725 2154 923 2225 distinctum,
938 2156 1006 2214 sive
1025 2152 1121 2212 reali-

110 2237 160 2294 ter
174 2236 243 2294 sive
252 2233 337 2313 juris
351 2232 485 2304 fictione,
504 2233 544 2293 ab
560 2238 731 2309 operante,
748 2249 809 2293 seu
822 2236 998 2310 important
1013 2248 1124 2310 quam·

109 2311 183 2373 dam
200 2314 461 2391 adaequationem
477 2330 548 2373 oum
564 2316 700 2374 termino
716 2315 894 2391 assignato,
916 2311 1006 2392 quod
1020 2312 1121 2390 perti-

107 2397 167 2455 net
188 2393 231 2453 ad
252 2396 411 2455 rationem
426 2394 512 2471 juris
533 2397 566 2453 et
580 2392 710 2469 Justitiae
729 2392 803 2471 (60).
830 2393 909 2453 lnde
932 2392 1012 2453 nihil
1034 2396 1124 2453 vetat

108 2474 188 2549 quin
221 2473 332 2534 Ethica
360 2474 512 2549 specialis
540 2474 596 2533 lus
621 2472 771 2533 naturale
800 2472 895 2533 etiam
923 2473 1121 2533 nominetur.

106 2553 200 2613 Nunc
216 2552 329 2613 divisio
344 2553 442 2631 hujus
456 2552 557 2629 partis
573 2552 768 2629 inquirenda
783 2558 832 2612 est
848 2571 855 2612 :

147 2634 229 2693 Dum
251 2632 498 2693 consideramus
519 2634 680 2693 actionem
698 2628 877 2692 humanam
891 2628 924 2691 in
937 2629 1120 2710 subJ‘eotoa

108 2727 173 2788 quo
190 2712 327 2782 elicitur,
344 2714 451 2773 statim
466 2712 745 2789 deprehendimus
761 2710 908 2773 ordinem
926 2709 1118 2787 dependen-

107 2793 156 2853 tiae
182 2795 328 2853 omnium
353 2796 516 2853 actionum
541 2793 756 2852 humanarum
775 2795 930 2867 respectu
948 2792 1019 2851 Dei.
1039 2790 1119 2852 Soh-

101 2870 229 2950 jectum
246 2872 331 2933 enim
348 2872 439 2950 quod
455 2878 610 2950 operatur
625 2878 675 2933 est
690 2874 851 2941 creatura,
873 2875 905 2930 et
922 2870 1003 2930 nihil
1021 2870 1121 2932 habet

106 2951 197 3028 quod
211 2966 279 3014 non
295 2954 335 3012 sit
351 2957 509 3027 creatum,
526 2968 564 3013 ac
578 2950 719 3028 proinde
733 2966 850 3011 omnes
867 2949 938 3028 ejus
953 2950 1121 3028 operatio-

104 3046 164 3093 nes
188 3031 295 3094 ordini
319 3049 338 3092 a
367 3031 475 3095 divina
499 3034 658 3109 sapientia
685 3030 804 3092 dictato
831 3030 989 3108 subjectae
1012 3034 1119 3089 sunt:

105 3116 255 3173 creatura
275 3112 423 3172 ordinem
445 3110 564 3187 accipit
584 3127 602 3171 a
622 3115 784 3181 creatore,
803 3112 859 3187 qui
875 3114 925 3170 est
948 3110 1019 3184 ipse
1039 3106 1121 3169 ordo

103 3192 269 3251 increatus
291 3196 323 3251 et
345 3192 521 3254 absolutus.
547 3190 645 3251 Porro
671 3191 739 3251 hac
768 3189 990 3266 dependentia
1011 3201 1122 3248 essen-

102 3272 186 3331 tialis
207 3275 241 3331 et
254 3270 448 3332 universalis
467 3268 639 3332 manifeste
655 3272 807 3346 importat
828 3270 1060 3347 obligationem
1077 3264 1092 3325 f
1111 3302 1121 3309 -

104 3349 212 3411 ciendi
241 3366 312 3427 quaa
331 3351 594 3428 praescribuntur,
619 3357 652 3411 et
666 3349 838 3411 omittendi
853 3366 923 3426 quae
937 3344 1122 3409 retentura

103 3429 184 3502 Deo,
211 3430 314 3489 etsie
339 3428 514 3492 efflorescit
534 3432 625 3492 notio
650 3430 768 3504 officia}
791 3427 933 3490 officium
958 3429 1046 3488 enim
1069 3427 1119 3488 ni-

103 3509 148 3570 hil
167 3515 217 3569 est
234 3509 323 3571 aliud
348 3527 446 3588 quam
464 3508 596 3572 moralis
611 3509 779 3587 obligatio,
797 3524 862 3584 qua
876 3507 956 3568 ordo
978 3507 1119 3584 prescri-

104 3595 178 3732 ptius
196 3589 397 3652 voluntatem
418 3590 461 3651 ad
480 3591 605 3669 aliquid
626 3587 812 3651 faciendum
833 3586 1120 3649 vel-omittendum

102 3682 121 3731 a
146 3665 286 3751 stringit.
