2642 4250
496 282 585 354 innuli
600 279 793 325 SYNOPTICUS·

135 411 196 452 non
216 395 294 451 fiunt
320 399 426 452 contra
443 395 607 451 voluntatis
624 394 861 466 inclinationem3
881 394 911 448 30
930 391 1063 451 remanet

135 471 171 522 ut
185 468 245 524 sint
260 481 318 522 non
334 467 512 523 voluntaria.
929 489 944 536 .'
1116 459 1151 521 14

171 541 282 594 Tussis
305 541 347 594 111.
373 537 448 604 Quae
464 537 548 606 flunt
563 552 637 592 curu
653 535 837 604 iquorantia
852 538 1062 610 consequente

126 611 215 664 sunt
228 609 419 678 simpliciter
437 608 619 664 voluntaria
644 611 674 662 11
697 607 912 670 involuntaria
935 611 1061 664 lantum

134 679 317 736 secundum
337 679 427 750 quid.
451 708 486 720 -
509 679 619 734 Prima
641 692 716 749 pars
739 682 855 734 constat
878 695 913 735 ex
931 696 967 736 eo
981 679 1062 750 quod

133 766 228 818 atreus
243 751 306 806 vult
323 754 356 806 ut
371 751 445 806 actio
459 750 520 806 fiat.
536 750 684 805 Secunda
693 764 767 820 pars
784 767 791 804 :
808 754 854 806 est
868 751 965 822 aliqua
978 749 1062 821 igno-

135 823 234 877 rantia
252 821 400 891 quoddam
413 821 645 876 involuntarium
659 821 786 890 pariens.
1115 825 1150 881 14

172 895 218 948 1v.
238 894 280 947 De
296 893 563 963 concupiscentia.
581 920 615 932 -
629 892 773 947 Voluntas
788 892 824 946 ab
838 891 976 962 appetitu
989 907 1061 948 sen-

135 963 214 1018 sibili
233 965 348 1018 moveri
361 965 460 1032 polest
478 964 589 1023 directe
606 964 655 1018 vel
670 961 824 1017 indirecte.
845 963 1061 1034 Concupiscen-

134 1034 178 1089 tia
193 1031 338 1090 dividitur
352 1034 382 1089 in
397 1033 620 1088 antecedentem
634 1037 666 1088 et
680 1037 919 1104 consequentem.
1113 1037 1150 1094 15

170 1107 280 1160 Tussis
298 1107 318 1160 Ι.
336 1104 603 1173 Concupiscentia
625 1103 812 1159 antecedens
835 1108 928 1173 auqet
944 1103 1060 1160 volun·

132 1175 256 1230 tarium
282 1178 312 1230 et
340 1175 642 1244 minuitlr'berum.
663 1204 697 1216 -
715 1177 789 1230 Nam
818 1176 846 1230 10
874 1175 1060 1232 voluntatem

130 1246 224 1315 acuit,
241 1249 270 1301 et
290 1246 397 1302 exinde
410 1249 443 1302 2⁰
458 1245 687 1302 indifferentiam
701 1245 828 1301 activam
843 1246 1060 1316 quadamtenus

133 1317 299 1377 labefactat.
1112 1321 1147 1376 15

167 1386 345 1442 Scbolium.
378 1389 410 1444 Si
437 1388 675 1459 concupiscentia
700 1390 828 1443 excaecat
857 1391 985 1444 mentem
1027 1390 1058 1445 et

131 1457 211 1513 tollit
226 1459 435 1528 cognitionem,
449 1460 527 1514 tollit
545 1460 634 1512 etiam
649 1459 860 1513 voluntarium.

167 1531 279 1585 Tussis
293 1532 324 1584 11.
341 1529 605 1600 Concupiscentia
622 1543 817 1598 consequens
832 1531 924 1596 aitpet
940 1528 1060 1584 nolun-

131 1600 265 1663 tarium
288 1600 343 1655 sed
369 1616 435 1656 nori
461 1601 584 1655 minuit
610 1599 756 1654 liberum.
784 1601 856 1654 Nam
873 1601 902 1655 1ο
919 1601 1060 1656 voluntas

129 1670 195 1740 ipsa
204 1671 271 1726 vult
285 1673 429 1742 majorem
442 1675 525 1728 actus
541 1671 747 1742 intentionem,
764 1684 879 1726 necnon
902 1672 1058 1743 10111111-

129 1742 254 1799 vitatem
269 1742 306 1798 ad
322 1756 424 1799 unum.
1110 1745 1148 1802 16

513 1850 518 1860 v

288 1867 352 1931 §IL
368 1868 408 1921 De
421 1866 585 1921 voluntatis
598 1865 722 1935 imperio
737 1867 766 1920 et
783 1863 930 1924 libertate.

262 1987 283 2037 1.
298 1988 336 2038 De
350 1986 488 2038 voluntatis
500 1989 606 2054 imperio
620 1988 648 2038 in
661 1987 725 2038 alias
737 1985 830 2038 animae
843 1955 984 2039 facidtaies.

164 2103 351 2163 Considerari
364 2107 463 2176 potest
476 2105 550 2163 illud
563 2105 719 2179 imperium
733 2105 831 2177 quoad
840 2106 1014 2163 exercitium
1023 2109 1056 2163 et

126 2175 226 2247 quoad
243 2176 501 2247 specificationem.
1109 2180 1144 2235 16

163 2251 272 2304 Tussis
291 2250 310 2302 1.
336 2246 490 2303 Voluntas
513 2248 631 2304 directe
652 2249 682 2302 el
705 2262 762 2317 per
782 2264 814 2303 se
833 2263 900 2303 non
915 2247 1053 2318 imperat

123 2317 332 2386 [aurillatibus
349 2318 419 2373 oilae
432 2319 619 2388 denotatione,
633 2334 735 2388 neque
745 2319 891 2374 sensibus
902 2320 1050 2383 externis,

125 2388 181 2445 sed
207 2392 332 2444 lantum
347 2388 502 2445 indirecte
525 2393 555 2445 11
569 2405 626 2459 per
638 2389 795 2445 accidens.
811 2420 847 2431 -
865 2389 1053 2461 Experientia

124 2462 245 2515 constat
264 2464 389 2530 utraque
398 2474 483 2586 lpars.
1105 2459 1142 2519 16

161 2533 272 2586 Tussis
287 2534 318 2587 11.
350 2531 394 2585 Vo
409 2535 504 2587 unias
527 2512 665 2599 imperat
689 2530 882 2600 simpliciter
900 2530 1050 2601 polentiae

124 2602 266 2671 moirici,
282 2605 311 2656 el
325 2602 504 2657 secundum
519 2602 600 2673 quid
620 2602 806 2672 intellectui,
821 2601 1052 2671 imaqr'nationi

122 2674 154 2727 11
173 2672 333 2742 appetitui
351 2674 512 2729 sensitioo.
537 2704 573 2713 -
596 2672 627 2728 ld
649 2672 739 2727 etiam
755 2672 885 2742 analysis
903 2672 1051 2729 saelorum

123 2744 266 2799 ostendit.
326 2809 328 2812 ¹
1104 2746 1141 2801 17

511 2876 514 2882 ·
537 2857 568 2905 11.
583 2854 726 2905 Delibero.

416 2971 440 3021 Ι.
456 2972 495 3020 De
503 2970 649 3034 principiis
664 2970 805 3019 libertatis.

144 3087 306 3145 ‘Tuusisl
327 3084 479 3159 Liberum
502 3085 674 3140 arbitrium
699 3098 766 3139 non
785 3089 829 3141 est
853 3086 986 3157 facultas
1009 3086 1048 3142 ab

121 3155 287 3211 intellectu
308 3160 338 3211 el
356 3156 517 3212 voluntale
537 3156 669 3211 diuersa.
694 3183 731 3194 -
753 3158 825 3212 Nam
840 3158 985 3228 ejusmodi
999 3158 1047 3213 ia-

120 3226 217 3283 cultas
240 3228 357 3282 nonnisi
379 3232 463 3283 actus
481 3229 671 3282 transeuntes
695 3234 859 3298 exerceret,
884 3232 915 3283 et
938 3228 1047 3283 exinde
1092 3242 1095 3251 ’

120 3312 182 3352 non
195 3301 297 3367 posset
311 3298 420 3367 eligere
435 3299 514 3353 inter
528 3300 613 3369 plura
631 3298 801 3369 praesentia,
816 3298 895 3370 quod
913 3299 1048 3355 absolute

118 3368 251 3437 exquirit
265 3368 396 3424 libertas.
1099 3372 1137 3429 18

155 3438 325 3503 Quodnam
349 3442 392 3494 sit
415 3438 592 3511 subjectum
622 3440 785 3497 libertatis.
815 3442 984 3496 -Tuusrs
1010 3442 1043 3496 11.

120 3506 273 3564 Liberum
284 3510 456 3566 arbitrium
471 3511 602 3581 proprie
617 3516 644 3565 et
659 3511 837 3580 formaliter
848 3526 913 3567 non
928 3510 1044 3566 residet

120 3582 159 3633 in
174 3578 349 3636 intellectu.
365 3583 534 3638 Intellectus
548 3582 637 3649 enim,
650 3583 755 3652 positis
765 3581 902 3639 omnibus
911 3584 948 3638 ad
958 3596 1046 3653 agen·

121 3648 195 3709 dum
208 3652 371 3723 requisitis,
384 3653 551 3709 necessario
565 3654 716 3723 operatur.
1096 3655 1135 3711 18
