2642 4250
460 295 565 341 annot
585 293 743 339 sanctatis.
980 300 984 315 ,
1075 276 1116 335 75

86 405 213 482 ipsum,
232 405 394 483 duplicem
411 411 590 488 praesertim
615 409 800 481 terminum,
827 424 928 486 quem
952 409 1052 469 homo
1079 411 1116 482 in

86 486 163 547 suis
188 489 436 561 operationibus
464 495 615 567 spectare
636 489 749 561 debet,
769 505 892 566 nempe
913 489 1061 564 seipsum
1083 493 1117 549 et

87 572 229 626 oaeteros
245 567 406 629 homines

132 646 244 722 ltaque
264 648 380 724 triplex
402 655 451 710 est
469 665 577 727 genus
597 647 779 709 officiorum
806 648 926 723 quibus
950 653 1008 707 aut
1036 662 1117 723 erga

88 727 208 796 Deum,
226 735 281 788 aut
296 743 375 806 erga
390 732 608 804 uosmettpma
624 735 681 788 aut
696 743 776 807 erga
792 729 877 787 otios
897 728 1040 787 hommes
1060 727 1115 787 de-

89 806 267 874 vincimur,
287 812 319 868 et
336 816 580 886 consequenter
593 825 737 885 praesens
753 814 851 885 eaput
865 808 896 866 in
913 811 979 868 tres
994 807 1113 867 articu-

90 885 144 944 los
158 887 349 959 partiemur.
376 890 437 950 Per
462 889 593 950 modum
618 890 717 949 unius
742 887 784 948 de
810 887 1062 964 obligationibus
1084 891 1117 947 et

87 965 221 1102 jugibus
238 983 279 1028 ex
295 966 408 1031 officiis
425 970 670 1043 enascentibus
687 970 892 1045 eloquemur,
909 971 1025 1043 utpote
1042 984 1116 1028 cor·

92 1060 130 1104 re
145 1045 249 1106 ativls

134 1127 281 1203 Agamus
297 1130 457 1203 precipue
474 1128 515 1189 de
532 1127 646 1189 officiis
661 1129 835 1198 cooperitis
849 1142 910 1186 seu
927 1127 1114 1200 primitium,
1158 1141 1160 1145 ·

94 1221 166 1280 quae
182 1221 304 1280 nempe
318 1205 500 1270 fundantur
514 1211 547 1268 in
562 1207 792 1270 essentialibus
802 1206 943 1266 bominis
953 1207 1116 1266 relationi-

93 1284 174 1354 bus;
192 1285 234 1346 de
251 1285 364 1349 offioiis
381 1291 468 1348 enim
483 1291 638 1349 derivatis
652 1305 712 1348 seu
727 1288 921 1353 adventitiis,
936 1284 1032 1344 idest
1045 1302 1116 1363 que

93 1366 245 1426 oriuntur
267 1384 309 1426 rx
331 1369 529 1444 quibusdam
554 1368 768 1429 relationibus
792 1364 1024 1441 superadditis
1050 1381 1115 1441 ope

93 1445 237 1522 alieuius
259 1445 335 1507 facti
360 1449 504 1519 humani,
531 1466 598 1510 non
623 1463 762 1526 agemus
783 1447 846 1508 nisi
865 1444 976 1521 quoad
999 1444 1116 1506 funda-

92 1532 245 1586 mentum
260 1528 351 1605 quod
364 1529 488 1590 habent
502 1531 536 1589 in
551 1530 658 1607 aliquo
675 1526 781 1589 officio
798 1526 948 1586 naturali.

525 1849 652 1912 CAPUT
672 1850 694 1909 l.

346 2025 383 2068 oa
399 2025 536 2068 nournuu
551 2023 672 2067 ornons
685 2025 763 2066 unua
777 2008 875 2068 Danu.

135 2163 203 2224 138.
225 2198 263 2208 -
282 2164 414 2225 Summa
438 2163 618 2225 officiorum
638 2164 780 2225 hominis
802 2179 882 2241 erga
903 2165 1009 2224 Deum
1034 2179 1117 2224 nun-

94 2248 236 2319 cupatur
253 2246 371 2319 retim‘o
388 2243 461 2324 (63].
483 2247 552 2305 Vox
571 2246 687 2322 religio
706 2244 797 2304 venit
816 2260 834 2303 a
854 2245 1024 2314 rettpondo
1040 2244 1117 2319 quia

92 2324 210 2401 religio
242 2325 394 2385 homines
425 2327 494 2385 Deo
526 2326 617 2403 ligat,
653 2325 704 2384 oui
739 2323 960 2398 principaliter
991 2324 1117 2396 alligari

93 2403 269 2475 debemus,
298 2410 454 2481 tanquam
481 2402 683 2465 indeficienti
709 2403 883 2478 principi03
911 2401 989 2462 inde
1008 2401 1114 2463 officio

91 2484 261 2561 religionis
285 2485 459 2545 exhibetur
478 2487 547 2545 Deo
572 2486 678 2545 cultus
701 2483 843 2545 debitus,
868 2489 1022 2557 tanquam
1046 2483 1113 2558 pri-

92 2580 148 2623 mo
170 2565 317 2625 omnium
338 2582 451 2626 rerum
469 2566 630 2640 principio
649 2584 655 2623 :
674 2564 865 2624 excellentia
886 2564 946 2623 Dei
967 2563 1116 2623 increata

94 2648 127 2703 et
149 2642 273 2704 infinita
298 2650 349 2705 est
370 2648 527 2707 motivum
549 2648 686 2720 propter
708 2642 798 2721 quod
819 2645 908 2703 Deus
931 2647 981 2702 est
1004 2643 1114 2702 colen-

94 2722 156 2782 dus
188 2725 279 2783 cultu
305 2723 469 2801 perfeeto;
500 2724 573 2803 ejus
600 2724 752 2799 beneficio
773 2727 850 2782 sunt
876 2722 909 2781 id
937 2738 997 2799 per
1023 2722 1114 2799 quod

92 2803 145 2863 rlla
169 2805 366 2867 exrellentia
389 2804 484 2867 nobis
506 2803 701 2880 applicatur,
725 2808 757 2864 et
778 2802 984 2877 apprehendi
1006 2808 1116 2879 potest

92 2889 251 2958 tanquam
273 2883 315 2944 ad
337 2902 398 2945 nos
422 2886 590 2961 pertinens
611 2901 673 2945 seu
694 2884 856 2944 benevola
878 2883 984 2943 nohis.

133 2961 247 3025 Officia
270 2965 438 3044 religionis
461 2965 610 3041 depromi
638 2968 776 3041 possunt
803 2967 919 3022 auten
946 2962 1053 3022 divina
1076 2978 1115 3021 ae

93 3047 336 3117 supernaturali
362 3045 578 3115 revelatione,
608 3050 640 3104 et
666 3049 744 3105 tune
769 3042 885 3120 religio
915 3042 1034 3102 diritur
1054 3057 1107 3101 su-

93 3126 324 3199 pernaturalis,
357 3130 414 3186 aut
447 3140 487 3185 ex
519 3126 590 3199 ipsa
621 3128 747 3185 ratione
779 3123 931 3192 naturali,
966 3126 998 3181 et
1037 3126 1114 3180 tuno

92 3220 220 3263 summa
252 3203 434 3265 officiorum
468 3204 585 3265 dieitur
614 3204 730 3281 religio
762 3202 931 3263 naturalis.
962 3203 1113 3261 tamvero

91 3285 250 3345 revelatio
283 3285 542 3361 supernaturalis
576 3285 693 3345 multas
725 3284 915 3357 promulgat
943 3280 1111 3354 veritates,

92 3381 161 3440 que
181 3367 351 3426 mentibus
373 3368 491 3425 nostris
510 3370 587 3425 sunt
606 3366 704 3424 otiam
723 3362 913 3422 naturaliter
933 3361 1112 3437 insrulptae,

92 3462 231 3527 queque
264 3444 404 3520 proinde
436 3445 602 3521 pertinent
620 3442 670 3503 'ad
695 3443 891 3519 religionem
917 3441 1111 3501 naturalem.

91 3526 206 3601 ltaque
228 3526 377 3587 methodi
397 3542 496 3585 eausa
516 3540 654 3602 agemus
680 3523 709 3580 l⁰
731 3521 772 3582 de
791 3522 952 3600 religione
974 3536 1113 3599 genera-

91 3604 149 3664 tim
184 3612 327 3680 sumpta,
366 3603 487 3667 deinde
525 3611 557 3664 et
590 3620 651 3679 per
685 3602 822 3662 modum
863 3601 1111 3677 complementi‚

89 3686 121 3746 2⁰
145 3682 187 3745 de
210 3685 371 3765 religione
393 3684 636 3762 supernaturali
654 3682 827 3759 speciatim
848 3682 1009 3759 inspecta.
1110 3719 1113 3726 ι
