2642 4250
501 283 602 326 annm
624 281 782 328 secantis.
1096 267 1153 329 117

172 403 351 462 Probatur.
367 400 432 460 Etsi
446 401 536 460 notio
553 399 718 458 societatis
733 400 917 479 conjugalis
938 399 1150 460 indissolubi-

125 481 265 542 litatem
279 479 473 540 matrimonii
484 482 581 556 petat,
595 483 703 536 tamen
712 479 747 538 id
757 496 825 539 non
834 480 1020 541 necessario
1030 480 1152 555 impor-

127 566 184 622 tat
207 562 482 622 cohabitationem
503 578 510 618 :
534 557 732 618 cohabitatio
756 561 845 620 enim
863 561 1004 620 habetur
1022 565 1059 618 ut
1078 576 1149 618 me-

128 639 231 702 dium
242 641 366 701 facilius
377 636 553 700 enlribendi
565 640 712 697 mutuam
726 639 937 701 dilectionem
950 643 983 700 et
997 640 1057 699 sibi
1072 639 1152 700 invi-

127 737 211 782 cem
224 720 397 797 praestandi
411 726 524 779 mutua
540 715 656 777 officia.
671 720 768 795 Atqui
785 719 936 781 accidere
951 725 1062 794 potest
1074 720 1102 776 l⁰
1113 723 1151 779 ut

127 807 272 864 mutuus
287 815 380 860 amor
393 815 453 876 per
466 798 552 858 hanc
565 796 842 861 cohabitationem
851 816 918 860 non
929 799 1029 859 modo
1044 796 1151 859 defer·

127 886 260 944 vescat.
276 880 385 940 sedin
400 882 551 956 apertum
566 877 679 937 odium
693 884 916 950 convectatum
934 878 1151 956 quamobrem

129 961 191 1020 lex
208 960 392 1021 dilectionis
407 963 525 1018 mutue
541 957 685 1032 aliquam
706 963 954 1036 temporaneam
969 959 1151 1035 coniugum

128 1043 383 1118 separationem
394 1040 509 1114 poscit.
522 1041 558 1096 ut
567 1037 725 1113 pristinus
740 1055 833 1098 amor
845 1039 1102 1115 redintegretur;
1118 1039 1151 1097 2³

131 1126 252 1181 mutua
267 1118 373 1179 officia
387 1117 563 1196 aliquando
580 1117 620 1176 ab
641 1132 708 1176 una
729 1124 822 1193 parte
843 1118 1016 1186 laeduntur,
1031 1124 1151 1177 utnon
1199 1162 1204 1173 .

131 1201 237 1263 modo
254 1200 355 1260 altera
369 1215 445 1273 pars
469 1197 591 1257 nullam
617 1211 717 1272 opem
732 1213 774 1258 ex
793 1215 853 1259 suo
877 1198 1021 1276 conjuge
1036 1213 1149 1273 repor-

134 1285 197 1352 tet,
213 1279 276 1341 sed
289 1279 350 1356 ipsi
366 1279 435 1339 vite
456 1275 629 1337 consulere
651 1292 717 1336 non
737 1280 841 1353 possit
862 1279 923 1338 nisi
944 1295 1004 1353 per
1020 1275 1147 1353 fugam.

130 1360 221 1438 Ergo
248 1357 400 1420 accidere
424 1361 563 1433 possunt
585 1359 833 1417 circumstantiae
858 1361 892 1418 in
917 1357 1037 1434 quibus
1060 1358 1150 1418 licita

132 1441 197 1501 erit
212 1440 376 1516 separatio
392 1436 503 1514 quoad
519 1441 625 1496 torum
641 1441 675 1495 et
688 1436 936 1498 habitationem.

404 1566 447 1614 lll.
463 1565 499 1615 De
513 1562 702 1612 conditionibus
713 1564 878 1614 matrimonii.

172 1679 245 1738 214.
265 1709 306 1718 —
325 1673 375 1735 Ad
389 1672 632 1732 matrimonium
651 1672 713 1733 rite
733 1673 996 1734 contrahendum
1008 1675 1148 1752 requiri-

133 1762 186 1817 tur
201 1761 238 1816 ut
251 1771 399 1833 persona
415 1755 478 1814 sint
493 1753 619 1812 habiles
634 1752 677 1812 ad
692 1753 783 1813 illum
800 1759 1015 1827 contractum,
1032 1772 1092 1816 seu
1113 1759 1150 1814 ut

128 1835 217 1898 fines
231 1833 428 1896 matrimonii
443 1833 598 1910 consequi
615 1836 648 1892 et
660 1831 765 1894 officia
781 1849 823 1892 ex
843 1834 1050 1896 matrimonio
1067 1851 1147 1895 ena-

130 1922 165 1978 ta
180 1923 335 1994 praestare
349 1914 490 1974 valeant.
508 1913 620 1989 ltaque
637 1927 720 1987 opus
736 1917 786 1972 est
802 1933 809 1972 :

171 2000 203 2058 1⁰
218 1999 257 2058 Ut
270 1995 431 2073 conjuges
446 1996 572 2053 aetatem
585 1991 742 2052 idoneam
761 1993 916 2067 habeant,
938 1992 1065 2053 scilicet
1086 2009 1145 2068 ap·

130 2079 199 2136 tam
231 2078 374 2153 corporis
407 2081 439 2133 et
464 2073 583 2133 mentis
617 2071 836 2135 evolutionem
863 2076 1020 2149 respectu
1048 2073 1150 2151 prolis

128 2156 348 2233 suscipiende
364 2159 397 2214 et
412 2151 601 2213 educanda.
625 2152 742 2226 Quoad
761 2155 907 2229 corporis
926 2154 1149 2214 evolutionem

128 2235 175 2297 ad
201 2236 440 2297 matrimonium
464 2231 737 2305 contrahendum,
762 2234 940 2309 requiritur
966 2235 1146 2309 pubertas3

128 2330 207 2376 nam
253 2315 443 2392 impuberes
490 2317 662 2388 nequeunt
709 2312 840 2373 tradere
875 2319 1068 2388 potestatem
1113 2314 1149 2373 in

127 2395 298 2473 proprium
336 2408 467 2469 corpus
507 2407 577 2468 quae
606 2391 736 2452 traditio
773 2398 825 2453 est
863 2393 1033 2470 ohJ'ectum
1071 2408 1149 2453 con·

123 2477 225 2555 jugii.
254 2476 486 2534 Verumtamen
512 2471 567 2531 lex
594 2476 716 2532 naturae
748 2473 954 2533 matrimonia
986 2472 1149 2550 ejusmodi

127 2571 201 2616 non
223 2555 335 2626 irritat,
357 2552 434 2630 quia
454 2554 688 2612 consummatio
707 2567 775 2612 non
795 2557 846 2613 est
861 2550 903 2611 de
920 2551 1064 2613 essentia
1078 2568 1147 2611 ma-

128 2636 286 2706 trimonii,
322 2636 355 2694 et
386 2632 584 2707 ceteroquin
616 2631 807 2705 impuberes
841 2636 967 2693 atatem
995 2631 1148 2692 idoneam

129 2719 327 2791 exspectare
346 2715 484 2788 possunt
503 2709 546 2771 ad
560 2708 636 2785 jnra
650 2711 898 2772 matrimonialia
913 2710 1100 2772 exercenda
1116 2714 1150 2771 et

128 2793 176 2855 ad
191 2798 303 2853 mutua
317 2792 422 2853 officia
437 2788 630 2866 praestanda.
652 2789 810 2851 Praeterea
831 2789 872 2850 ad
891 2791 980 2851 illam
1001 2794 1149 2851 mutuam

130 2873 312 2953 conjugum
337 2869 543 2932 dilectionem
568 2868 662 2948 (204),
684 2886 755 2947 quaa
770 2873 820 2930 est
835 2874 927 2949 quasi
949 2868 1148 2931 fundamen-

128 2957 199 3014 tum
217 2950 419 3021 matrimonii,
434 2949 611 3026 requiritur
621 2954 659 3008 ut
678 2950 839 3029 conjuges
853 2965 920 3012 non
935 2951 1036 3012 nimia
1046 2949 1148 3011 atatis

129 3032 318 3095 differentia
333 3034 419 3093 inter
432 3046 469 3091 se
485 3029 685 3105 discrepent.

170 3114 202 3173 2⁰
230 3113 348 3173 lterum
375 3107 485 3187 quoad
516 3110 660 3185 corporis
682 3104 933 3184 perfectionem,
968 3108 1149 3182 requiritur

127 3189 293 3253 idoneitas
314 3189 356 3250 ad
380 3188 476 3249 tinem
493 3189 678 3265 primarium
694 3187 891 3250 matrimonii
906 3185 1148 3327 attingendum,

126 3270 220 3332 unde
238 3271 422 3346 impotentia
439 3268 638 3330 antecedens
658 3271 692 3327 et
709 3272 870 3344 perpetua
887 3268 985 3328 invali
1012 3271 1046 3327 at
1067 3281 1147 3325 con-

129 3355 267 3412 tractam
287 3349 494 3418 matrimonii,
514 3349 590 3426 quia
614 3347 655 3408 ad
669 3347 872 3423 impossibile
894 3363 990 3408 nemo
1007 3362 1045 3407 se
1061 3345 1147 3406 obli-

127 3447 208 3511 gare
223 3432 335 3507 potest
348 3428 429 3508 (188,
445 3425 500 3506 4⁰).

168 3512 201 3572 3⁰
213 3513 270 3571 Jus
285 3514 407 3569 naturae
421 3509 518 3567 etiam
533 3507 677 3567 inculcat
690 3506 917 3579 disparitatem
937 3504 1048 3564 cultus
1071 3518 1148 3582 gra·

128 3590 211 3653 riter
229 3589 351 3667 opponi
370 3587 572 3649 matrimonio
594 3605 600 3645 :
623 3586 651 3645 si
671 3582 778 3644 fidelis
802 3584 1043 3645 matrimonium
1065 3600 1148 3645 con-

64 3716 68 3727 ,
129 3670 274 3732 traheret
293 3684 366 3730 cum
377 3665 512 3743 infideli,
528 3682 564 3728 se
579 3666 729 3745 injiceret
742 3666 776 3726 in
799 3663 985 3742 periculum
1000 3662 1151 3742 praevari·
