<?xml version="1.0" encoding="UTF-8"?>
<!DOCTYPE html PUBLIC "-//W3C//DTD XHTML 1.0 Transitional//EN"
    "http://www.w3.org/TR/xhtml1/DTD/xhtml1-transitional.dtd">
<html xmlns="http://www.w3.org/1999/xhtml" xml:lang="en" lang="en">
 <head>
  <title>
</title>
<meta http-equiv="Content-Type" content="text/html;charset=utf-8" />
  <meta name='ocr-system' content='tesseract 3.04.00' />
  <meta name='ocr-capabilities' content='ocr_page ocr_carea ocr_par ocr_line ocrx_word'/>
</head>
<body>
  <div class='ocr_page' id='page_1' title='image "./brevariumphilos00grangoog_0035.png"; bbox 0 0 2642 4250; ppageno 0'>
   <div class='ocr_carea' id='block_1_1' title="bbox 452 273 1113 332">
    <p class='ocr_par' dir='ltr' id='par_1_1' title="bbox 452 273 1113 332">
     <span class='ocr_line' id='line_1_1' title="bbox 452 273 1113 332; baseline 0.009 -6"><span class='ocrx_word' id='word_1_1' title='bbox 452 285 556 328; x_wconf 67' lang='lat' dir='ltr'><strong>urmes</strong></span> <span class='ocrx_word' id='word_1_2' title='bbox 577 281 737 326; x_wconf 73' lang='lat' dir='ltr'><strong>enarratis</strong></span> <span class='ocrx_word' id='word_1_3' title='bbox 1074 273 1113 332; x_wconf 77' lang='lat'><strong>23</strong></span> 
     </span>
    </p>
   </div>
   <div class='ocr_carea' id='block_1_2' title="bbox 91 396 1115 1116">
    <p class='ocr_par' dir='ltr' id='par_1_2' title="bbox 91 396 1114 710">
     <span class='ocr_line' id='line_1_2' title="bbox 91 396 1113 472; baseline 0.009 -16"><span class='ocrx_word' id='word_1_4' title='bbox 91 400 187 456; x_wconf 85' lang='lat' dir='ltr'><strong>actus</strong></span> <span class='ocrx_word' id='word_1_5' title='bbox 202 397 350 472; x_wconf 89' lang='lat' dir='ltr'><strong>imperati</strong></span> <span class='ocrx_word' id='word_1_6' title='bbox 368 396 452 461; x_wconf 91' lang='lat' dir='ltr'><strong>circa</strong></span> <span class='ocrx_word' id='word_1_7' title='bbox 467 397 613 460; x_wconf 87' lang='lat' dir='ltr'><strong>medium</strong></span> <span class='ocrx_word' id='word_1_8' title='bbox 630 399 783 460; x_wconf 86' lang='lat' dir='ltr'><strong>electum.</strong></span> <span class='ocrx_word' id='word_1_9' title='bbox 812 399 877 460; x_wconf 86' lang='lat' dir='ltr'><strong>Sed</strong></span> <span class='ocrx_word' id='word_1_10' title='bbox 892 400 1113 464; x_wconf 86' lang='lat' dir='ltr'><strong>adnotandum</strong></span> 
     </span>
     <span class='ocr_line' id='line_1_3' title="bbox 93 476 1111 560; baseline 0.009 -24"><span class='ocrx_word' id='word_1_11' title='bbox 93 477 148 536; x_wconf 87' lang='lat' dir='ltr'><strong>est</strong></span> <span class='ocrx_word' id='word_1_12' title='bbox 162 480 255 535; x_wconf 87' lang='lat' dir='ltr'><strong>actus</strong></span> <span class='ocrx_word' id='word_1_13' title='bbox 271 476 447 538; x_wconf 89' lang='lat' dir='ltr'><strong>voluntatis</strong></span> <span class='ocrx_word' id='word_1_14' title='bbox 461 480 640 556; x_wconf 87' lang='lat' dir='ltr'><strong>imperatos</strong></span> <span class='ocrx_word' id='word_1_15' title='bbox 656 477 789 539; x_wconf 84' lang='lat' dir='ltr'><strong>differre</strong></span> <span class='ocrx_word' id='word_1_16' title='bbox 804 480 845 539; x_wconf 87' lang='lat' dir='ltr'><strong>ab</strong></span> <span class='ocrx_word' id='word_1_17' title='bbox 861 483 987 542; x_wconf 86' lang='lat' dir='ltr'><strong>actibus</strong></span> <span class='ocrx_word' id='word_1_18' title='bbox 1006 485 1111 560; x_wconf 88' lang='lat' dir='ltr'><strong>impe·</strong></span> 
     </span>
     <span class='ocr_line' id='line_1_4' title="bbox 91 555 1114 634; baseline 0.009 -19"><span class='ocrx_word' id='word_1_19' title='bbox 91 556 172 616; x_wconf 87' lang='lat' dir='ltr'><strong>ratis</strong></span> <span class='ocrx_word' id='word_1_20' title='bbox 217 556 354 616; x_wconf 87' lang='lat' dir='ltr'><strong>aliarum</strong></span> <span class='ocrx_word' id='word_1_21' title='bbox 382 555 588 630; x_wconf 78' lang='lat' dir='ltr'><strong>facultatum,</strong></span> <span class='ocrx_word' id='word_1_22' title='bbox 627 560 661 618; x_wconf 90' lang='lat' dir='ltr'><strong>in</strong></span> <span class='ocrx_word' id='word_1_23' title='bbox 702 562 858 634; x_wconf 88' lang='lat' dir='ltr'><strong>quantum</strong></span> <span class='ocrx_word' id='word_1_24' title='bbox 901 568 979 622; x_wconf 90' lang='lat' dir='ltr'><strong>sunt</strong></span> <span class='ocrx_word' id='word_1_25' title='bbox 1019 565 1114 624; x_wconf 88' lang='lat' dir='ltr'><strong>simul</strong></span> 
     </span>
     <span class='ocr_line' id='line_1_5' title="bbox 92 633 424 710; baseline 0.015 -18"><span class='ocrx_word' id='word_1_26' title='bbox 92 633 250 710; x_wconf 88' lang='lat' dir='ltr'><strong>imperati</strong></span> <span class='ocrx_word' id='word_1_27' title='bbox 267 641 301 694; x_wconf 93' lang='lat' dir='ltr'><strong>et</strong></span> <span class='ocrx_word' id='word_1_28' title='bbox 316 636 424 697; x_wconf 90' lang='lat' dir='ltr'><strong>eliciti.</strong></span> 
     </span>
    </p>

    <p class='ocr_par' dir='ltr' id='par_1_3' title="bbox 94 715 1115 1116">
     <span class='ocr_line' id='line_1_6' title="bbox 139 715 1114 796; baseline 0.005 -20"><span class='ocrx_word' id='word_1_29' title='bbox 139 715 172 776; x_wconf 81' lang='lat'><strong>5⁰</strong></span> <span class='ocrx_word' id='word_1_30' title='bbox 189 717 267 776; x_wconf 77' lang='lat' dir='ltr'><strong>Usus</strong></span> <span class='ocrx_word' id='word_1_31' title='bbox 282 715 391 776; x_wconf 84' lang='lat' dir='ltr'><strong>differt</strong></span> <span class='ocrx_word' id='word_1_32' title='bbox 406 718 446 779; x_wconf 90' lang='lat' dir='ltr'><strong>ab</strong></span> <span class='ocrx_word' id='word_1_33' title='bbox 461 717 608 795; x_wconf 82' lang='lat' dir='ltr'><strong>irnperio,</strong></span> <span class='ocrx_word' id='word_1_34' title='bbox 627 715 718 795; x_wconf 91' lang='lat' dir='ltr'><strong>quod</strong></span> <span class='ocrx_word' id='word_1_35' title='bbox 734 721 784 777; x_wconf 87' lang='lat' dir='ltr'><strong>est</strong></span> <span class='ocrx_word' id='word_1_36' title='bbox 797 719 899 779; x_wconf 86' lang='lat' dir='ltr'><strong>veluti</strong></span> <span class='ocrx_word' id='word_1_37' title='bbox 913 718 1057 796; x_wconf 90' lang='lat' dir='ltr'><strong>impetus</strong></span> <span class='ocrx_word' id='word_1_38' title='bbox 1072 720 1114 782; x_wconf 90' lang='lat' dir='ltr'><strong>ad</strong></span> 
     </span>
     <span class='ocr_line' id='line_1_7' title="bbox 94 795 1114 879; baseline 0.005 -24"><span class='ocrx_word' id='word_1_39' title='bbox 94 795 339 870; x_wconf 68' lang='lat' dir='ltr'>operationem,</span> <span class='ocrx_word' id='word_1_40' title='bbox 357 795 432 856; x_wconf 91' lang='lat' dir='ltr'><strong>dum</strong></span> <span class='ocrx_word' id='word_1_41' title='bbox 447 813 527 859; x_wconf 87' lang='lat' dir='ltr'><strong>usus</strong></span> <span class='ocrx_word' id='word_1_42' title='bbox 549 802 600 858; x_wconf 88' lang='lat' dir='ltr'><strong>est</strong></span> <span class='ocrx_word' id='word_1_43' title='bbox 619 800 691 873; x_wconf 89' lang='lat' dir='ltr'><strong>ipsa</strong></span> <span class='ocrx_word' id='word_1_44' title='bbox 714 800 860 873; x_wconf 88' lang='lat' dir='ltr'><strong>operatio</strong></span> <span class='ocrx_word' id='word_1_45' title='bbox 879 819 886 859; x_wconf 94' lang='lat'><strong>:</strong></span> <span class='ocrx_word' id='word_1_46' title='bbox 906 800 1017 879; x_wconf 88' lang='lat' dir='ltr'><strong>itaque</strong></span> <span class='ocrx_word' id='word_1_47' title='bbox 1037 817 1114 860; x_wconf 86' lang='lat' dir='ltr'><strong>usus</strong></span> 
     </span>
     <span class='ocr_line' id='line_1_8' title="bbox 95 875 1115 957; baseline 0.006 -23"><span class='ocrx_word' id='word_1_48' title='bbox 95 875 220 936; x_wconf 89' lang='lat' dir='ltr'><strong>utentis</strong></span> <span class='ocrx_word' id='word_1_49' title='bbox 237 875 435 954; x_wconf 80' lang='lat' dir='ltr'><strong>conjunctus</strong></span> <span class='ocrx_word' id='word_1_50' title='bbox 451 883 501 938; x_wconf 90' lang='lat' dir='ltr'><strong>est</strong></span> <span class='ocrx_word' id='word_1_51' title='bbox 524 893 598 939; x_wconf 89' lang='lat' dir='ltr'><strong>cum</strong></span> <span class='ocrx_word' id='word_1_52' title='bbox 618 881 694 937; x_wconf 90' lang='lat' dir='ltr'><strong>actu</strong></span> <span class='ocrx_word' id='word_1_53' title='bbox 713 893 773 936; x_wconf 84' lang='lat' dir='ltr'><strong>seu</strong></span> <span class='ocrx_word' id='word_1_54' title='bbox 789 877 963 940; x_wconf 88' lang='lat' dir='ltr'><strong>efficientia</strong></span> <span class='ocrx_word' id='word_1_55' title='bbox 982 881 1115 957; x_wconf 85' lang='lat' dir='ltr'><strong>propria</strong></span> 
     </span>
     <span class='ocr_line' id='line_1_9' title="bbox 94 955 1114 1039; baseline 0.005 -24"><span class='ocrx_word' id='word_1_56' title='bbox 94 955 145 1016; x_wconf 91' lang='lat' dir='ltr'><strong>rel</strong></span> <span class='ocrx_word' id='word_1_57' title='bbox 160 971 227 1032; x_wconf 91' lang='lat' dir='ltr'><strong>qua</strong></span> <span class='ocrx_word' id='word_1_58' title='bbox 242 956 354 1028; x_wconf 89' lang='lat' dir='ltr'><strong>utitur,</strong></span> <span class='ocrx_word' id='word_1_59' title='bbox 372 956 451 1018; x_wconf 90' lang='lat' dir='ltr'><strong>dum</strong></span> <span class='ocrx_word' id='word_1_60' title='bbox 470 959 643 1034; x_wconf 88' lang='lat' dir='ltr'><strong>imperium</strong></span> <span class='ocrx_word' id='word_1_61' title='bbox 662 959 842 1033; x_wconf 70' lang='lat' dir='ltr'><strong>prescribit</strong></span> <span class='ocrx_word' id='word_1_62' title='bbox 863 976 960 1019; x_wconf 90' lang='lat' dir='ltr'><strong>usum</strong></span> <span class='ocrx_word' id='word_1_63' title='bbox 981 980 988 1020; x_wconf 91' lang='lat'><strong>:</strong></span> <span class='ocrx_word' id='word_1_64' title='bbox 1011 977 1042 1020; x_wconf 85' lang='lat' dir='ltr'><strong>v.</strong></span> <span class='ocrx_word' id='word_1_65' title='bbox 1065 978 1114 1039; x_wconf 59' lang='lat' dir='ltr'><strong>g„</strong></span> 
     </span>
     <span class='ocr_line' id='line_1_10' title="bbox 96 1034 1115 1116; baseline 0.006 -21"><span class='ocrx_word' id='word_1_66' title='bbox 96 1049 178 1096; x_wconf 89' lang='lat' dir='ltr'><strong>usus</strong></span> <span class='ocrx_word' id='word_1_67' title='bbox 212 1034 328 1096; x_wconf 84' lang='lat' dir='ltr'>calami</span> <span class='ocrx_word' id='word_1_68' title='bbox 351 1035 394 1097; x_wconf 92' lang='lat' dir='ltr'><strong>ad</strong></span> <span class='ocrx_word' id='word_1_69' title='bbox 422 1037 628 1098; x_wconf 85' lang='lat' dir='ltr'><strong>scribendum</strong></span> <span class='ocrx_word' id='word_1_70' title='bbox 649 1037 790 1098; x_wconf 86' lang='lat' dir='ltr'><strong>habetur</strong></span> <span class='ocrx_word' id='word_1_71' title='bbox 810 1039 942 1116; x_wconf 86' lang='lat' dir='ltr'><strong>quando</strong></span> <span class='ocrx_word' id='word_1_72' title='bbox 963 1041 1115 1101; x_wconf 83' lang='lat' dir='ltr'><strong>voluntas</strong></span> 
     </span>
    </p>
   </div>
   <div class='ocr_carea' id='block_1_3' title="bbox 91 1114 1229 1198">
    <p class='ocr_par' dir='ltr' id='par_1_4' title="bbox 91 1114 1229 1198">
     <span class='ocr_line' id='line_1_11' title="bbox 91 1114 1229 1198; baseline 0.006 -23"><span class='ocrx_word' id='word_1_73' title='bbox 91 1114 194 1196; x_wconf 88' lang='lat' dir='ltr'><strong>jubet</strong></span> <span class='ocrx_word' id='word_1_74' title='bbox 207 1119 246 1175; x_wconf 94' lang='lat' dir='ltr'><strong>ut</strong></span> <span class='ocrx_word' id='word_1_75' title='bbox 260 1130 377 1176; x_wconf 89' lang='lat' dir='ltr'><strong>manus</strong></span> <span class='ocrx_word' id='word_1_76' title='bbox 393 1117 515 1176; x_wconf 90' lang='lat' dir='ltr'><strong>calamo</strong></span> <span class='ocrx_word' id='word_1_77' title='bbox 526 1115 689 1177; x_wconf 91' lang='lat' dir='ltr'><strong>utaturad</strong></span> <span class='ocrx_word' id='word_1_78' title='bbox 700 1118 908 1180; x_wconf 89' lang='lat' dir='ltr'><strong>scribendum</strong></span> <span class='ocrx_word' id='word_1_79' title='bbox 924 1119 1117 1198; x_wconf 87' lang='lat' dir='ltr'><strong>:imperium</strong></span> <span class='ocrx_word' id='word_1_80' title='bbox 1227 1158 1229 1163; x_wconf 68' lang='lat'>,</span> 
     </span>
    </p>
   </div>
   <div class='ocr_carea' id='block_1_4' title="bbox 96 1193 1123 3249">
    <p class='ocr_par' dir='ltr' id='par_1_5' title="bbox 98 1193 1116 1350">
     <span class='ocr_line' id='line_1_12' title="bbox 98 1193 1116 1278; baseline 0.003 -22"><span class='ocrx_word' id='word_1_81' title='bbox 98 1201 250 1272; x_wconf 73' lang='lat' dir='ltr'><strong>ergo‘est</strong></span> <span class='ocrx_word' id='word_1_82' title='bbox 277 1193 468 1256; x_wconf 79' lang='lat' dir='ltr'><strong>naturaliter</strong></span> <span class='ocrx_word' id='word_1_83' title='bbox 496 1197 710 1274; x_wconf 86' lang='lat' dir='ltr'><strong>priusquam</strong></span> <span class='ocrx_word' id='word_1_84' title='bbox 737 1213 830 1272; x_wconf 85' lang='lat' dir='ltr'><strong>usus,</strong></span> <span class='ocrx_word' id='word_1_85' title='bbox 861 1215 983 1265; x_wconf 84' lang='lat' dir='ltr'><strong>namne</strong></span> <span class='ocrx_word' id='word_1_86' title='bbox 1016 1215 1116 1278; x_wconf 90' lang='lat' dir='ltr'><strong>quam</strong></span> 
     </span>
     <span class='ocr_line' id='line_1_13' title="bbox 98 1274 439 1350; baseline -0.003 -15"><span class='ocrx_word' id='word_1_87' title='bbox 98 1274 240 1350; x_wconf 90' lang='lat' dir='ltr'><strong>imperio</strong></span> <span class='ocrx_word' id='word_1_88' title='bbox 256 1274 439 1335; x_wconf 83' lang='lat' dir='ltr'><strong>obediatur.</strong></span> 
     </span>
    </p>

    <p class='ocr_par' dir='ltr' id='par_1_6' title="bbox 96 1354 1118 1908">
     <span class='ocr_line' id='line_1_14' title="bbox 137 1354 1116 1433; baseline 0.004 -19"><span class='ocrx_word' id='word_1_89' title='bbox 137 1355 263 1414; x_wconf 89' lang='lat' dir='ltr'><strong>Verum</strong></span> <span class='ocrx_word' id='word_1_90' title='bbox 290 1355 342 1415; x_wconf 89' lang='lat' dir='ltr'><strong>hic</strong></span> <span class='ocrx_word' id='word_1_91' title='bbox 371 1354 487 1416; x_wconf 90' lang='lat' dir='ltr'><strong>sedulo</strong></span> <span class='ocrx_word' id='word_1_92' title='bbox 518 1355 746 1418; x_wconf 90' lang='lat' dir='ltr'><strong>adnotandum</strong></span> <span class='ocrx_word' id='word_1_93' title='bbox 770 1361 820 1416; x_wconf 89' lang='lat' dir='ltr'><strong>est</strong></span> <span class='ocrx_word' id='word_1_94' title='bbox 847 1355 1012 1433; x_wconf 83' lang='lat' dir='ltr'><strong>duplicem</strong></span> <span class='ocrx_word' id='word_1_95' title='bbox 1041 1375 1116 1419; x_wconf 88' lang='lat' dir='ltr'><strong>esse</strong></span> 
     </span>
     <span class='ocr_line' id='line_1_15' title="bbox 96 1434 1118 1513; baseline 0.004 -18"><span class='ocrx_word' id='word_1_96' title='bbox 96 1451 198 1495; x_wconf 85' lang='lat' dir='ltr'><strong>usum</strong></span> <span class='ocrx_word' id='word_1_97' title='bbox 221 1453 228 1492; x_wconf 93' lang='lat'>:</span> <span class='ocrx_word' id='word_1_98' title='bbox 251 1434 392 1494; x_wconf 89' lang='lat' dir='ltr'><strong>activum</strong></span> <span class='ocrx_word' id='word_1_99' title='bbox 413 1435 539 1496; x_wconf 85' lang='lat' dir='ltr'><strong>scilicet</strong></span> <span class='ocrx_word' id='word_1_100' title='bbox 560 1443 592 1496; x_wconf 88' lang='lat' dir='ltr'><strong>et</strong></span> <span class='ocrx_word' id='word_1_101' title='bbox 614 1436 796 1513; x_wconf 79' lang='lat' dir='ltr'><strong>passivum:</strong></span> <span class='ocrx_word' id='word_1_102' title='bbox 820 1451 901 1496; x_wconf 90' lang='lat' dir='ltr'><strong>usus</strong></span> <span class='ocrx_word' id='word_1_103' title='bbox 928 1439 1049 1498; x_wconf 79' lang='lat' dir='ltr'><strong>actious</strong></span> <span class='ocrx_word' id='word_1_104' title='bbox 1068 1443 1118 1499; x_wconf 87' lang='lat' dir='ltr'><strong>est</strong></span> 
     </span>
     <span class='ocr_line' id='line_1_16' title="bbox 99 1513 1117 1578; baseline 0.001 -1"><span class='ocrx_word' id='word_1_105' title='bbox 99 1519 195 1578; x_wconf 86' lang='lat' dir='ltr'><strong>actus</strong></span> <span class='ocrx_word' id='word_1_106' title='bbox 216 1515 393 1575; x_wconf 91' lang='lat' dir='ltr'><strong>voluntatis</strong></span> <span class='ocrx_word' id='word_1_107' title='bbox 420 1513 593 1575; x_wconf 81' lang='lat' dir='ltr'><strong>facultates</strong></span> <span class='ocrx_word' id='word_1_108' title='bbox 619 1514 860 1576; x_wconf 78' lang='lat' dir='ltr'><strong>obedientiales</strong></span> <span class='ocrx_word' id='word_1_109' title='bbox 885 1522 1046 1578; x_wconf 88' lang='lat' dir='ltr'><strong>moventis</strong></span> <span class='ocrx_word' id='word_1_110' title='bbox 1074 1516 1117 1577; x_wconf 91' lang='lat' dir='ltr'><strong>ad</strong></span> 
     </span>
     <span class='ocr_line' id='line_1_17' title="bbox 100 1591 1117 1674; baseline 0.001 -19"><span class='ocrx_word' id='word_1_111' title='bbox 100 1591 287 1674; x_wconf 63' lang='lat' dir='ltr'><strong>agendum</strong></span> <span class='ocrx_word' id='word_1_112' title='bbox 305 1596 453 1668; x_wconf 82' lang='lat' dir='ltr'><strong>passivus</strong></span> <span class='ocrx_word' id='word_1_113' title='bbox 475 1601 524 1655; x_wconf 87' lang='lat' dir='ltr'><strong>est</strong></span> <span class='ocrx_word' id='word_1_114' title='bbox 543 1595 613 1672; x_wconf 88' lang='lat' dir='ltr'><strong>ipsa</strong></span> <span class='ocrx_word' id='word_1_115' title='bbox 632 1593 795 1656; x_wconf 83' lang='lat' dir='ltr'><strong>facultatis</strong></span> <span class='ocrx_word' id='word_1_116' title='bbox 815 1595 1042 1658; x_wconf 82' lang='lat' dir='ltr'><strong>obedientialis</strong></span> <span class='ocrx_word' id='word_1_117' title='bbox 1066 1613 1117 1657; x_wconf 88' lang='lat' dir='ltr'><strong>ac·</strong></span> 
     </span>
     <span class='ocr_line' id='line_1_18' title="bbox 101 1675 1115 1751; baseline 0.003 -17"><span class='ocrx_word' id='word_1_118' title='bbox 101 1675 145 1734; x_wconf 92' lang='lat' dir='ltr'><strong>tio</strong></span> <span class='ocrx_word' id='word_1_119' title='bbox 171 1678 270 1748; x_wconf 88' lang='lat' dir='ltr'><strong>prout</strong></span> <span class='ocrx_word' id='word_1_120' title='bbox 284 1678 302 1733; x_wconf 83' lang='lat' dir='ltr'><strong>a</strong></span> <span class='ocrx_word' id='word_1_121' title='bbox 322 1675 491 1735; x_wconf 88' lang='lat' dir='ltr'><strong>voluntate</strong></span> <span class='ocrx_word' id='word_1_122' title='bbox 506 1680 668 1736; x_wconf 82' lang='lat' dir='ltr'><strong>mouetur.</strong></span> <span class='ocrx_word' id='word_1_123' title='bbox 685 1678 768 1739; x_wconf 87' lang='lat' dir='ltr'><strong>Usus</strong></span> <span class='ocrx_word' id='word_1_124' title='bbox 783 1680 880 1751; x_wconf 92' lang='lat' dir='ltr'><strong>prout</strong></span> <span class='ocrx_word' id='word_1_125' title='bbox 894 1677 946 1738; x_wconf 82' lang='lat' dir='ltr'><strong>liic</strong></span> <span class='ocrx_word' id='word_1_126' title='bbox 964 1677 1115 1740; x_wconf 86' lang='lat' dir='ltr'><strong>conside·</strong></span> 
     </span>
     <span class='ocr_line' id='line_1_19' title="bbox 100 1753 1118 1829; baseline 0.006 -15"><span class='ocrx_word' id='word_1_127' title='bbox 100 1757 203 1820; x_wconf 81' lang='lat' dir='ltr'><strong>ratur,</strong></span> <span class='ocrx_word' id='word_1_128' title='bbox 232 1754 295 1826; x_wconf 93' lang='lat' dir='ltr'><strong>hoc</strong></span> <span class='ocrx_word' id='word_1_129' title='bbox 318 1757 378 1825; x_wconf 87' lang='lat' dir='ltr'><strong>est,</strong></span> <span class='ocrx_word' id='word_1_130' title='bbox 403 1759 566 1829; x_wconf 88' lang='lat' dir='ltr'><strong>quatenus</strong></span> <span class='ocrx_word' id='word_1_131' title='bbox 588 1770 623 1815; x_wconf 89' lang='lat' dir='ltr'><strong>se</strong></span> <span class='ocrx_word' id='word_1_132' title='bbox 647 1753 750 1816; x_wconf 80' lang='lat' dir='ltr'><strong>refert</strong></span> <span class='ocrx_word' id='word_1_133' title='bbox 773 1754 816 1815; x_wconf 91' lang='lat' dir='ltr'><strong>ad</strong></span> <span class='ocrx_word' id='word_1_134' title='bbox 843 1760 951 1816; x_wconf 90' lang='lat' dir='ltr'><strong>actum</strong></span> <span class='ocrx_word' id='word_1_135' title='bbox 976 1757 1118 1820; x_wconf 86' lang='lat' dir='ltr'><strong>liberum</strong></span> 
     </span>
     <span class='ocr_line' id='line_1_20' title="bbox 100 1833 1062 1908; baseline 0.005 -12"><span class='ocrx_word' id='word_1_136' title='bbox 100 1833 291 1908; x_wconf 64' lang='lat' dir='ltr'><strong>voluntatis</strong></span> <span class='ocrx_word' id='word_1_137' title='bbox 310 1837 360 1894; x_wconf 92' lang='lat' dir='ltr'><strong>est</strong></span> <span class='ocrx_word' id='word_1_138' title='bbox 380 1849 459 1893; x_wconf 88' lang='lat' dir='ltr'><strong>usus</strong></span> <span class='ocrx_word' id='word_1_139' title='bbox 475 1835 609 1895; x_wconf 77' lang='lat' dir='ltr'><strong>activus</strong></span> <span class='ocrx_word' id='word_1_140' title='bbox 1059 1895 1062 1901; x_wconf 89' lang='lat'>.</span> 
     </span>
    </p>

    <p class='ocr_par' dir='ltr' id='par_1_7' title="bbox 101 1910 1122 2789">
     <span class='ocr_line' id='line_1_21' title="bbox 142 1910 1118 1992; baseline 0.001 -18"><span class='ocrx_word' id='word_1_141' title='bbox 142 1913 176 1974; x_wconf 78' lang='lat'><strong>6⁰</strong></span> <span class='ocrx_word' id='word_1_142' title='bbox 191 1915 325 1984; x_wconf 70' lang='lat' dir='ltr'><strong>metito,</strong></span> <span class='ocrx_word' id='word_1_143' title='bbox 342 1929 411 1990; x_wconf 87' lang='lat' dir='ltr'><strong>quae</strong></span> <span class='ocrx_word' id='word_1_144' title='bbox 428 1913 664 1992; x_wconf 82' lang='lat' dir='ltr'><strong>etymologiam</strong></span> <span class='ocrx_word' id='word_1_145' title='bbox 686 1913 776 1974; x_wconf 91' lang='lat' dir='ltr'><strong>ducit</strong></span> <span class='ocrx_word' id='word_1_146' title='bbox 790 1929 808 1973; x_wconf 89' lang='lat' dir='ltr'><strong>a</strong></span> <span class='ocrx_word' id='word_1_147' title='bbox 821 1910 942 1989; x_wconf 91' lang='lat' dir='ltr'><strong>fructu,</strong></span> <span class='ocrx_word' id='word_1_148' title='bbox 960 1918 1012 1974; x_wconf 91' lang='lat' dir='ltr'><strong>est</strong></span> <span class='ocrx_word' id='word_1_149' title='bbox 1025 1917 1118 1976; x_wconf 88' lang='lat' dir='ltr'><strong>actus</strong></span> 
     </span>
     <span class='ocr_line' id='line_1_22' title="bbox 103 1991 1119 2069; baseline 0.001 -16"><span class='ocrx_word' id='word_1_150' title='bbox 103 1993 281 2053; x_wconf 86' lang='lat' dir='ltr'><strong>voluntatis</strong></span> <span class='ocrx_word' id='word_1_151' title='bbox 304 1994 389 2054; x_wconf 89' lang='lat' dir='ltr'><strong>circa</strong></span> <span class='ocrx_word' id='word_1_152' title='bbox 412 1993 537 2054; x_wconf 88' lang='lat' dir='ltr'><strong>bonum</strong></span> <span class='ocrx_word' id='word_1_153' title='bbox 560 1998 597 2054; x_wconf 89' lang='lat' dir='ltr'><strong>ut</strong></span> <span class='ocrx_word' id='word_1_154' title='bbox 617 1991 796 2053; x_wconf 91' lang='lat' dir='ltr'><strong>formaliter</strong></span> <span class='ocrx_word' id='word_1_155' title='bbox 819 2008 1021 2069; x_wconf 85' lang='lat' dir='ltr'><strong>possessum.</strong></span> <span class='ocrx_word' id='word_1_156' title='bbox 1037 1994 1119 2055; x_wconf 88' lang='lat' dir='ltr'><strong>Cum</strong></span> 
     </span>
     <span class='ocr_line' id='line_1_23' title="bbox 101 2070 1120 2150; baseline -0.001 -15"><span class='ocrx_word' id='word_1_157' title='bbox 101 2076 235 2150; x_wconf 86' lang='lat' dir='ltr'><strong>spectet</strong></span> <span class='ocrx_word' id='word_1_158' title='bbox 258 2070 299 2131; x_wconf 89' lang='lat' dir='ltr'><strong>ad</strong></span> <span class='ocrx_word' id='word_1_159' title='bbox 324 2072 576 2135; x_wconf 83' lang='lat' dir='ltr'><strong>delectationem</strong></span> <span class='ocrx_word' id='word_1_160' title='bbox 608 2077 641 2134; x_wconf 90' lang='lat' dir='ltr'><strong>et</strong></span> <span class='ocrx_word' id='word_1_161' title='bbox 674 2088 832 2143; x_wconf 88' lang='lat' dir='ltr'><strong>amorem,</strong></span> <span class='ocrx_word' id='word_1_162' title='bbox 865 2075 1038 2135; x_wconf 85' lang='lat' dir='ltr'><strong>manifesto</strong></span> <span class='ocrx_word' id='word_1_163' title='bbox 1071 2080 1120 2135; x_wconf 93' lang='lat' dir='ltr'><strong>est</strong></span> 
     </span>
     <span class='ocr_line' id='line_1_24' title="bbox 102 2150 1115 2233; baseline 0 -19"><span class='ocrx_word' id='word_1_164' title='bbox 102 2155 198 2214; x_wconf 86' lang='lat' dir='ltr'><strong>actus</strong></span> <span class='ocrx_word' id='word_1_165' title='bbox 220 2150 382 2213; x_wconf 88' lang='lat' dir='ltr'><strong>facultatis</strong></span> <span class='ocrx_word' id='word_1_166' title='bbox 404 2155 587 2231; x_wconf 88' lang='lat' dir='ltr'><strong>appetitivae</strong></span> <span class='ocrx_word' id='word_1_167' title='bbox 611 2151 704 2214; x_wconf 90' lang='lat' dir='ltr'><strong>:frui</strong></span> <span class='ocrx_word' id='word_1_168' title='bbox 728 2154 827 2228; x_wconf 87' lang='lat' dir='ltr'><strong>enim,</strong></span> <span class='ocrx_word' id='word_1_169' title='bbox 846 2152 941 2231; x_wconf 85' lang='lat' dir='ltr'><strong>juxta</strong></span> <span class='ocrx_word' id='word_1_170' title='bbox 970 2161 1115 2233; x_wconf 86' lang='lat' dir='ltr'><strong>etymon,</strong></span> 
     </span>
     <span class='ocr_line' id='line_1_25' title="bbox 102 2231 1117 2311; baseline 0 -18"><span class='ocrx_word' id='word_1_171' title='bbox 102 2232 185 2293; x_wconf 89' lang='lat' dir='ltr'><strong>nihil</strong></span> <span class='ocrx_word' id='word_1_172' title='bbox 210 2236 260 2291; x_wconf 89' lang='lat' dir='ltr'><strong>est</strong></span> <span class='ocrx_word' id='word_1_173' title='bbox 282 2231 369 2293; x_wconf 89' lang='lat' dir='ltr'><strong>aliud</strong></span> <span class='ocrx_word' id='word_1_174' title='bbox 392 2250 491 2310; x_wconf 91' lang='lat' dir='ltr'><strong>quam</strong></span> <span class='ocrx_word' id='word_1_175' title='bbox 516 2233 660 2294; x_wconf 87' lang='lat' dir='ltr'><strong>fructum</strong></span> <span class='ocrx_word' id='word_1_176' title='bbox 692 2249 811 2309; x_wconf 78' lang='lat' dir='ltr'><strong>capere</strong></span> <span class='ocrx_word' id='word_1_177' title='bbox 840 2252 847 2292; x_wconf 92' lang='lat'><strong>:</strong></span> <span class='ocrx_word' id='word_1_178' title='bbox 872 2251 969 2311; x_wconf 85' lang='lat' dir='ltr'><strong>porro</strong></span> <span class='ocrx_word' id='word_1_179' title='bbox 990 2232 1117 2293; x_wconf 91' lang='lat' dir='ltr'><strong>fructus</strong></span> 
     </span>
     <span class='ocr_line' id='line_1_26' title="bbox 102 2312 1122 2393; baseline -0.002 -18"><span class='ocrx_word' id='word_1_180' title='bbox 102 2312 279 2384; x_wconf 78' lang='lat' dir='ltr'><strong>sensibilis,</strong></span> <span class='ocrx_word' id='word_1_181' title='bbox 291 2316 327 2371; x_wconf 93' lang='lat' dir='ltr'><strong>ut</strong></span> <span class='ocrx_word' id='word_1_182' title='bbox 350 2312 393 2371; x_wconf 93' lang='lat' dir='ltr'><strong>ait</strong></span> <span class='ocrx_word' id='word_1_183' title='bbox 408 2314 438 2372; x_wconf 91' lang='lat' dir='ltr'><strong>S.</strong></span> <span class='ocrx_word' id='word_1_184' title='bbox 461 2314 600 2375; x_wconf 85' lang='lat' dir='ltr'><strong>Thomas</strong></span> <span class='ocrx_word' id='word_1_185' title='bbox 616 2312 670 2393; x_wconf 88' lang='lat' dir='ltr'><strong>(l),</strong></span> <span class='ocrx_word' id='word_1_186' title='bbox 688 2318 739 2374; x_wconf 91' lang='lat' dir='ltr'><strong>est</strong></span> <span class='ocrx_word' id='word_1_187' title='bbox 752 2313 787 2374; x_wconf 92' lang='lat' dir='ltr'><strong>id</strong></span> <span class='ocrx_word' id='word_1_188' title='bbox 810 2313 899 2390; x_wconf 91' lang='lat' dir='ltr'><strong>quod</strong></span> <span class='ocrx_word' id='word_1_189' title='bbox 914 2315 1064 2374; x_wconf 91' lang='lat' dir='ltr'><strong>ultimum</strong></span> <span class='ocrx_word' id='word_1_190' title='bbox 1080 2329 1122 2374; x_wconf 83' lang='lat' dir='ltr'><strong>err</strong></span> 
     </span>
     <span class='ocr_line' id='line_1_27' title="bbox 102 2391 1120 2470; baseline -0.002 -18"><span class='ocrx_word' id='word_1_191' title='bbox 102 2391 223 2452; x_wconf 87' lang='lat' dir='ltr'><strong>arbore</strong></span> <span class='ocrx_word' id='word_1_192' title='bbox 245 2396 448 2467; x_wconf 88' lang='lat' dir='ltr'><strong>expectatur,</strong></span> <span class='ocrx_word' id='word_1_193' title='bbox 474 2398 507 2454; x_wconf 93' lang='lat' dir='ltr'><strong>et</strong></span> <span class='ocrx_word' id='word_1_194' title='bbox 532 2408 607 2453; x_wconf 89' lang='lat' dir='ltr'><strong>cum</strong></span> <span class='ocrx_word' id='word_1_195' title='bbox 631 2393 775 2470; x_wconf 88' lang='lat' dir='ltr'><strong>quadam</strong></span> <span class='ocrx_word' id='word_1_196' title='bbox 799 2396 959 2455; x_wconf 88' lang='lat' dir='ltr'><strong>suavitate</strong></span> <span class='ocrx_word' id='word_1_197' title='bbox 981 2394 1120 2469; x_wconf 87' lang='lat' dir='ltr'><strong>percipi-</strong></span> 
     </span>
     <span class='ocr_line' id='line_1_28' title="bbox 105 2470 1121 2549; baseline -0.001 -17"><span class='ocrx_word' id='word_1_198' title='bbox 105 2476 158 2532; x_wconf 88' lang='lat' dir='ltr'><strong>tur</strong></span> <span class='ocrx_word' id='word_1_199' title='bbox 188 2491 195 2531; x_wconf 88' lang='lat'><strong>:</strong></span> <span class='ocrx_word' id='word_1_200' title='bbox 224 2470 316 2533; x_wconf 91' lang='lat' dir='ltr'><strong>unde</strong></span> <span class='ocrx_word' id='word_1_201' title='bbox 343 2471 451 2533; x_wconf 91' lang='lat' dir='ltr'><strong>fruitio</strong></span> <span class='ocrx_word' id='word_1_202' title='bbox 483 2474 648 2549; x_wconf 86' lang='lat' dir='ltr'><strong>pertinere</strong></span> <span class='ocrx_word' id='word_1_203' title='bbox 673 2472 804 2533; x_wconf 87' lang='lat' dir='ltr'><strong>videtur</strong></span> <span class='ocrx_word' id='word_1_204' title='bbox 823 2474 864 2533; x_wconf 91' lang='lat' dir='ltr'><strong>ad</strong></span> <span class='ocrx_word' id='word_1_205' title='bbox 890 2490 1036 2534; x_wconf 89' lang='lat' dir='ltr'><strong>amorem</strong></span> <span class='ocrx_word' id='word_1_206' title='bbox 1067 2472 1121 2533; x_wconf 83' lang='lat' dir='ltr'><strong>vel</strong></span> 
     </span>
     <span class='ocr_line' id='line_1_29' title="bbox 104 2551 1118 2630; baseline 0.002 -19"><span class='ocrx_word' id='word_1_207' title='bbox 104 2551 361 2612; x_wconf 85' lang='lat' dir='ltr'><strong>delectationem</strong></span> <span class='ocrx_word' id='word_1_208' title='bbox 376 2567 477 2629; x_wconf 89' lang='lat' dir='ltr'><strong>quam</strong></span> <span class='ocrx_word' id='word_1_209' title='bbox 491 2553 608 2630; x_wconf 86' lang='lat' dir='ltr'><strong>aliquis</strong></span> <span class='ocrx_word' id='word_1_210' title='bbox 622 2553 724 2613; x_wconf 83' lang='lat' dir='ltr'><strong>hahet</strong></span> <span class='ocrx_word' id='word_1_211' title='bbox 740 2552 781 2613; x_wconf 89' lang='lat' dir='ltr'><strong>de</strong></span> <span class='ocrx_word' id='word_1_212' title='bbox 797 2553 911 2615; x_wconf 88' lang='lat' dir='ltr'><strong>ultimo</strong></span> <span class='ocrx_word' id='word_1_213' title='bbox 930 2557 1118 2629; x_wconf 81' lang='lat' dir='ltr'><strong>expectato,</strong></span> 
     </span>
     <span class='ocr_line' id='line_1_30' title="bbox 105 2630 1121 2712; baseline 0.004 -22"><span class='ocrx_word' id='word_1_214' title='bbox 105 2630 197 2709; x_wconf 85' lang='lat' dir='ltr'><strong>quod</strong></span> <span class='ocrx_word' id='word_1_215' title='bbox 213 2634 264 2691; x_wconf 89' lang='lat' dir='ltr'><strong>est</strong></span> <span class='ocrx_word' id='word_1_216' title='bbox 278 2631 363 2700; x_wconf 81' lang='lat' dir='ltr'><strong>finls;</strong></span> <span class='ocrx_word' id='word_1_217' title='bbox 380 2630 453 2691; x_wconf 87' lang='lat' dir='ltr'><strong>finis</strong></span> <span class='ocrx_word' id='word_1_218' title='bbox 472 2639 582 2694; x_wconf 90' lang='lat' dir='ltr'><strong>autem</strong></span> <span class='ocrx_word' id='word_1_219' title='bbox 605 2636 638 2693; x_wconf 87' lang='lat' dir='ltr'><strong>et</strong></span> <span class='ocrx_word' id='word_1_220' title='bbox 659 2633 784 2693; x_wconf 90' lang='lat' dir='ltr'><strong>bonum</strong></span> <span class='ocrx_word' id='word_1_221' title='bbox 807 2639 857 2694; x_wconf 89' lang='lat' dir='ltr'><strong>est</strong></span> <span class='ocrx_word' id='word_1_222' title='bbox 878 2634 1044 2712; x_wconf 89' lang='lat' dir='ltr'><strong>objectum</strong></span> <span class='ocrx_word' id='word_1_223' title='bbox 1060 2648 1121 2709; x_wconf 90' lang='lat' dir='ltr'><strong>ap-</strong></span> 
     </span>
     <span class='ocr_line' id='line_1_31' title="bbox 106 2711 424 2789; baseline -0.006 -18"><span class='ocrx_word' id='word_1_224' title='bbox 106 2711 246 2789; x_wconf 82' lang='lat' dir='ltr'><strong>petitivae</strong></span> <span class='ocrx_word' id='word_1_225' title='bbox 261 2712 424 2786; x_wconf 84' lang='lat' dir='ltr'><strong>potentiae.</strong></span> 
     </span>
    </p>

    <p class='ocr_par' dir='ltr' id='par_1_8' title="bbox 104 2787 1123 3249">
     <span class='ocr_line' id='line_1_32' title="bbox 145 2787 1122 2867; baseline -0.001 -16"><span class='ocrx_word' id='word_1_226' title='bbox 145 2790 203 2851; x_wconf 82' lang='lat' dir='ltr'><strong>llio</strong></span> <span class='ocrx_word' id='word_1_227' title='bbox 218 2787 547 2851; x_wconf 87' lang='lat' dir='ltr'><strong>animadvertendum</strong></span> <span class='ocrx_word' id='word_1_228' title='bbox 570 2795 620 2851; x_wconf 86' lang='lat' dir='ltr'><strong>est</strong></span> <span class='ocrx_word' id='word_1_229' title='bbox 641 2808 718 2851; x_wconf 92' lang='lat' dir='ltr'><strong>cum</strong></span> <span class='ocrx_word' id='word_1_230' title='bbox 740 2790 907 2867; x_wconf 88' lang='lat' dir='ltr'><strong>Cajetano,</strong></span> <span class='ocrx_word' id='word_1_231' title='bbox 923 2791 1122 2851; x_wconf 89' lang='lat' dir='ltr'><strong>vocabulum</strong></span> 
     </span>
     <span class='ocr_line' id='line_1_33' title="bbox 109 2867 1120 2947; baseline 0.001 -17"><span class='ocrx_word' id='word_1_232' title='bbox 109 2867 254 2930; x_wconf 74' lang='lat' dir='ltr'><strong>«fruitio</strong></span> <span class='ocrx_word' id='word_1_233' title='bbox 289 2893 302 2922; x_wconf 83' lang='lat'><strong>»</strong></span> <span class='ocrx_word' id='word_1_234' title='bbox 336 2870 528 2947; x_wconf 85' lang='lat' dir='ltr'><strong>aequivocari</strong></span> <span class='ocrx_word' id='word_1_235' title='bbox 555 2870 642 2931; x_wconf 91' lang='lat' dir='ltr'><strong>inter</strong></span> <span class='ocrx_word' id='word_1_236' title='bbox 671 2871 853 2931; x_wconf 87' lang='lat' dir='ltr'><strong>Thomistas</strong></span> <span class='ocrx_word' id='word_1_237' title='bbox 888 2875 920 2930; x_wconf 92' lang='lat' dir='ltr'><strong>et</strong></span> <span class='ocrx_word' id='word_1_238' title='bbox 955 2872 1120 2933; x_wconf 78' lang='lat' dir='ltr'><strong>Scotistas</strong></span> 
     </span>
     <span class='ocr_line' id='line_1_34' title="bbox 105 2948 1120 3028; baseline -0.001 -18"><span class='ocrx_word' id='word_1_239' title='bbox 105 2948 297 3011; x_wconf 88' lang='lat' dir='ltr'><strong>Secundum</strong></span> <span class='ocrx_word' id='word_1_240' title='bbox 315 2950 496 3010; x_wconf 85' lang='lat' dir='ltr'><strong>Tlromistas</strong></span> <span class='ocrx_word' id='word_1_241' title='bbox 518 2948 679 3028; x_wconf 85' lang='lat' dir='ltr'><strong>significat</strong></span> <span class='ocrx_word' id='word_1_242' title='bbox 702 2950 958 3011; x_wconf 89' lang='lat' dir='ltr'><strong>delectationem</strong></span> <span class='ocrx_word' id='word_1_243' title='bbox 976 2949 1120 3010; x_wconf 90' lang='lat' dir='ltr'><strong>formali-</strong></span> 
     </span>
     <span class='ocr_line' id='line_1_35' title="bbox 107 3029 1120 3106; baseline -0.001 -17"><span class='ocrx_word' id='word_1_244' title='bbox 107 3034 157 3089; x_wconf 88' lang='lat' dir='ltr'><strong>ter</strong></span> <span class='ocrx_word' id='word_1_245' title='bbox 178 3029 360 3106; x_wconf 88' lang='lat' dir='ltr'><strong>loquendo,</strong></span> <span class='ocrx_word' id='word_1_246' title='bbox 374 3044 520 3089; x_wconf 89' lang='lat' dir='ltr'><strong>amorem</strong></span> <span class='ocrx_word' id='word_1_247' title='bbox 535 3035 646 3091; x_wconf 88' lang='lat' dir='ltr'><strong>autem</strong></span> <span class='ocrx_word' id='word_1_248' title='bbox 662 3030 871 3091; x_wconf 87' lang='lat' dir='ltr'><strong>connotative</strong></span> <span class='ocrx_word' id='word_1_249' title='bbox 887 3035 920 3090; x_wconf 88' lang='lat' dir='ltr'><strong>et</strong></span> <span class='ocrx_word' id='word_1_250' title='bbox 937 3030 1120 3090; x_wconf 86' lang='lat' dir='ltr'><strong>causaliter.</strong></span> 
     </span>
     <span class='ocr_line' id='line_1_36' title="bbox 104 3107 1123 3187; baseline -0.002 -18"><span class='ocrx_word' id='word_1_251' title='bbox 104 3108 297 3171; x_wconf 88' lang='lat' dir='ltr'><strong>Secundum</strong></span> <span class='ocrx_word' id='word_1_252' title='bbox 319 3109 472 3170; x_wconf 87' lang='lat' dir='ltr'><strong>Scotistas</strong></span> <span class='ocrx_word' id='word_1_253' title='bbox 494 3108 658 3187; x_wconf 80' lang='lat' dir='ltr'><strong>significat</strong></span> <span class='ocrx_word' id='word_1_254' title='bbox 669 3107 853 3169; x_wconf 90' lang='lat' dir='ltr'><strong>formaliter</strong></span> <span class='ocrx_word' id='word_1_255' title='bbox 874 3126 1021 3171; x_wconf 89' lang='lat' dir='ltr'><strong>amorem</strong></span> <span class='ocrx_word' id='word_1_256' title='bbox 1043 3110 1123 3169; x_wconf 89' lang='lat' dir='ltr'><strong>ami-</strong></span> 
     </span>
     <span class='ocr_line' id='line_1_37' title="bbox 107 3190 207 3249; baseline 0 -1"><span class='ocrx_word' id='word_1_257' title='bbox 107 3190 207 3249; x_wconf 88' lang='lat' dir='ltr'><strong>cltiae.</strong></span> 
     </span>
    </p>
   </div>
   <div class='ocr_carea' id='block_1_5' title="bbox 370 3302 869 3396">
    <p class='ocr_par' dir='ltr' id='par_1_9' title="bbox 370 3302 869 3396">
     <span class='ocr_line' id='line_1_38' title="bbox 370 3302 869 3396; baseline 0 -17"><span class='ocrx_word' id='word_1_258' title='bbox 370 3318 420 3379; x_wconf 93' lang='lat' dir='ltr'><strong>lll.</strong></span> <span class='ocrx_word' id='word_1_259' title='bbox 440 3320 523 3387; x_wconf 74' lang='lat' dir='ltr'><strong>outo</strong></span> <span class='ocrx_word' id='word_1_260' title='bbox 541 3320 698 3396; x_wconf 68' lang='lat' dir='ltr'><strong>lanpediot</strong></span> <span class='ocrx_word' id='word_1_261' title='bbox 713 3302 869 3380; x_wconf 67' lang='lat' dir='ltr'><strong>liberm.</strong></span> 
     </span>
    </p>
   </div>
   <div class='ocr_carea' id='block_1_6' title="bbox 108 3451 1125 3614">
    <p class='ocr_par' dir='ltr' id='par_1_10' title="bbox 108 3451 1125 3614">
     <span class='ocr_line' id='line_1_39' title="bbox 148 3451 1124 3533; baseline -0.005 -15"><span class='ocrx_word' id='word_1_262' title='bbox 148 3456 199 3519; x_wconf 78' lang='lat' dir='ltr'><strong>la.</strong></span> <span class='ocrx_word' id='word_1_263' title='bbox 216 3490 255 3499; x_wconf 92' lang='lat'><em>-</em></span> <span class='ocrx_word' id='word_1_264' title='bbox 271 3456 326 3516; x_wconf 88' lang='lat' dir='ltr'><strong>llis</strong></span> <span class='ocrx_word' id='word_1_265' title='bbox 340 3458 525 3533; x_wconf 79' lang='lat' dir='ltr'><strong>prestitutis</strong></span> <span class='ocrx_word' id='word_1_266' title='bbox 546 3458 631 3518; x_wconf 91' lang='lat' dir='ltr'><strong>circa</strong></span> <span class='ocrx_word' id='word_1_267' title='bbox 655 3455 853 3532; x_wconf 89' lang='lat' dir='ltr'><strong>principium</strong></span> <span class='ocrx_word' id='word_1_268' title='bbox 876 3458 945 3513; x_wconf 91' lang='lat' dir='ltr'><strong>tum</strong></span> <span class='ocrx_word' id='word_1_269' title='bbox 967 3451 1124 3523; x_wconf 84' lang='lat' dir='ltr'><strong>radicale,</strong></span> 
     </span>
     <span class='ocr_line' id='line_1_40' title="bbox 108 3535 1125 3614; baseline -0.007 -12"><span class='ocrx_word' id='word_1_270' title='bbox 108 3544 178 3602; x_wconf 91' lang='lat' dir='ltr'><strong>tum</strong></span> <span class='ocrx_word' id='word_1_271' title='bbox 192 3535 330 3597; x_wconf 89' lang='lat' dir='ltr'><strong>formale</strong></span> <span class='ocrx_word' id='word_1_272' title='bbox 345 3541 437 3598; x_wconf 88' lang='lat' dir='ltr'><strong>actus</strong></span> <span class='ocrx_word' id='word_1_273' title='bbox 452 3536 557 3612; x_wconf 83' lang='lat' dir='ltr'><strong>liberi,</strong></span> <span class='ocrx_word' id='word_1_274' title='bbox 576 3542 608 3598; x_wconf 89' lang='lat' dir='ltr'><strong>et</strong></span> <span class='ocrx_word' id='word_1_275' title='bbox 623 3536 774 3597; x_wconf 91' lang='lat' dir='ltr'><strong>ordinem</strong></span> <span class='ocrx_word' id='word_1_276' title='bbox 789 3552 854 3614; x_wconf 90' lang='lat' dir='ltr'><strong>quo</strong></span> <span class='ocrx_word' id='word_1_277' title='bbox 876 3535 944 3595; x_wconf 85' lang='lat' dir='ltr'><strong>haec</strong></span> <span class='ocrx_word' id='word_1_278' title='bbox 964 3535 1125 3612; x_wconf 87' lang='lat' dir='ltr'><strong>principia</strong></span> 
     </span>
    </p>
   </div>
   <div class='ocr_carea' id='block_1_7' title="bbox 142 3684 425 3750">
    <p class='ocr_par' dir='ltr' id='par_1_11' title="bbox 142 3684 425 3750">
     <span class='ocr_line' id='line_1_41' title="bbox 142 3684 425 3750; baseline -0.004 -15"><span class='ocrx_word' id='word_1_279' title='bbox 142 3684 425 3750; x_wconf 56' lang='lat' dir='ltr'><strong>fflPQQOL</strong></span> 
     </span>
    </p>
   </div>
   <div class='ocr_carea' id='block_1_8' title="bbox 0 0 1344 4250">
    <p class='ocr_par' dir='ltr' id='par_1_12' title="bbox 0 0 1344 4250">
     <span class='ocr_line' id='line_1_42' title="bbox 0 0 1344 4250; baseline 0 0"><span class='ocrx_word' id='word_1_280' title='bbox 0 0 1344 4250; x_wconf 95' lang='lat' dir='ltr'><strong> </strong></span> 
     </span>
    </p>
   </div>
  </div>
 </body>
</html>
