2642 4250
397 243 480 302 82
1004 262 1359 306 nummulum
1399 263 1803 307 PHILOSOPHIAE

401 374 700 434 ravimus.
761 375 830 435 In
886 391 1173 452 praesens
1244 375 1490 439 directe
1561 381 1778 457 agitur
1848 378 1933 440 de
2003 377 2302 439 rationali
2371 379 2450 436 et

397 454 922 530 superrationali.

481 533 1150 594 Animadvertendum
1207 537 1308 594 est
1362 539 1600 598 iterum
1659 541 1718 599 1ο
1788 535 2088 598 ordinem
2139 534 2448 614 logicum

405 630 688 690 eumque
719 615 1103 675 rationalem
1134 614 1385 675 absolvi
1414 619 1794 679 veritatibus
1825 633 1965 694 quae
1994 616 2187 676 insita
2234 618 2441 675 ratio·

405 694 505 754 nis
537 694 826 754 humanae
855 692 1162 755 facultate
1194 697 1469 756 inveniri
1511 703 1817 773 possunt3
1860 699 1922 757 2⁰
1962 695 2121 757 ordo
2162 702 2442 771 praeter·

405 774 732 834 ralimmiis
774 775 954 834 hisce
995 776 1553 851 propositionibus
1592 781 1848 838 constat
1895 792 2057 853 quae,
2099 777 2256 837 licet
2300 790 2449 836 non

409 854 661 914 subsint
714 854 1074 914 inventioni
1120 857 1413 927 rationiS,
1466 859 1674 918 semel
1710 857 2127 918 nihilominus
2175 856 2448 916 coelitus

409 934 848 1004 manifestatae,
892 933 1058 994 ideis
1101 934 1309 1008 clariS,
1369 937 1682 998 distinctis
1729 935 2141 1014 propriisque
2190 951 2444 1012 appre-

405 1014 800 1072 henduntur.
835 1015 1135 1090 Denique
1168 1016 1229 1074 3⁰
1256 1017 1975 1094 succeduntmysteria‚
2002 1015 2450 1076 averitatihus

405 1094 721 1153 haetenus
766 1093 1044 1154 laudatis
1091 1092 1419 1169 distincta,
1476 1114 1617 1174 quae
1672 1097 1970 1157 ordinem
2030 1096 2452 1156 constituunt

409 1174 601 1246 plam-
633 1173 1222 1248 superrationalem
1256 1193 1270 1233 :
1317 1193 1396 1236 ea
1430 1182 1777 1254 nequeunt
1812 1191 1947 1236 non
1981 1175 2180 1247 modo
2219 1177 2454 1235 nativa

405 1254 716 1312 fusilitate
744 1253 1036 1324 inveniri,
1071 1269 1299 1314 verum
1330 1258 1548 1327 etiam,
1580 1258 1737 1317 licet
1757 1255 2064 1316 divinitus
2084 1252 2446 1330 patefacta,

409 1334 593 1390 elaris
625 1334 1031 1410 propriisque
1061 1334 1438 1396 notionibus
1464 1341 1689 1398 mente
1717 1340 1941 1396 nostra
1970 1331 2392 1411 apprehendi
2431 1353 2446 1392 :

409 1410 661 1470 nonnisi
694 1411 860 1472 ideis
891 1413 1188 1491 analogis
1218 1416 1302 1474 ad
1331 1417 1616 1476 animum
1643 1415 2044 1476 referuntur.

485 1494 778 1551 Attamen
810 1495 884 1551 ut
910 1493 1218 1553 veritates
1247 1498 1583 1557 naturales
1610 1492 1889 1566 facilius,
1925 1495 2126 1562 citius,
2175 1493 2447 1558 clarius,

409 1574 649 1630 certius
699 1588 774 1630 ac
820 1573 1082 1648 plenius
1129 1575 1506 1637 hominibus
1554 1577 1989 1645 innotescant,
2051 1571 2447 1634 earumdem

405 1650 714 1711 revelatio
747 1657 845 1710 est
873 1653 1154 1712 maxime
1184 1657 1382 1725 utilis,
1415 1654 1703 1731 ideoque
1734 1658 1911 1716 Deus
1943 1669 2194 1715 summe
2218 1653 2450 1712 honus

409 1738 473 1790 et
501 1728 852 1806 providens
881 1732 1116 1792 multas
1151 1736 1460 1797 veritates
1488 1737 1684 1814 hujus
1714 1736 1984 1810 ordiniS‚
2017 1750 2138 1812 per
2165 1731 2450 1792 modum

409 1818 585 1870 extra
625 1813 791 1870 vires
822 1816 1061 1871 naturae
1089 1813 1399 1887 positum,
1429 1816 1868 1878 nanifestavit.
2317 1892 2328 1902 .

489 1890 804 1954 veritates
841 1892 1192 1966 naturaleS,
1234 1896 1363 1955 hoc
1397 1896 1592 1956 modo
1633 1898 1957 1969 revelatae,
1996 1897 2149 1954 sunt
2193 1893 2443 1953 verita-

409 1974 505 2030 tes
525 1969 929 2042 neitessariae,
957 1988 1097 2048 quae
1125 1987 1366 2050 nempe
1387 1977 1599 2035 Deum
1626 1982 1691 2036 et
1718 1992 1935 2036 mores
1965 1971 2346 2048 respiciunt;
2376 1973 2454 2062 et

409 2054 735 2126 quatenus
764 2051 1086 2120 revelatae,
1119 2059 1269 2113 sunt
1297 2059 1831 2132 supernaturales
1872 2071 1949 2115 ex
1988 2057 2175 2132 parte
2214 2053 2445 2119 medzz,

409 2134 469 2190 et
501 2130 828 2190 naturales
861 2148 940 2191 ex
967 2137 1151 2207 parte
1187 2136 1436 2209 objecti.
1471 2138 1722 2197 Veritas
1753 2136 1987 2197 dicitur
2013 2132 2330 2195 naturalis
2358 2146 2451 2189 ex

409 2218 589 2283 parte
621 2210 854 2282 {rejecti
879 2211 1069 2270 simul
1099 2217 1163 2271 et
1192 2217 1413 2286 medii,
1447 2215 1711 2293 quando
1743 2232 1879 2276 non
1919 2216 2131 2276 solum
2183 2215 2285 2271 est
2335 2226 2449 2269 co-

405 2290 783 2367 gnoscibilis
813 2305 934 2364 per
962 2293 1220 2369 species
1245 2296 1614 2367 sensibileS‚
1648 2312 1768 2356 seu
1797 2312 1919 2373 per
1943 2292 2234 2354 medium
2256 2294 2449 2352 natu-

409 2367 561 2439 rale,
597 2369 715 2428 sed
747 2370 943 2429 etiam
973 2374 1238 2448 quando
1268 2375 1397 2434 hoc
1426 2375 1619 2436 modo
1662 2378 1923 2455 cognita
1950 2372 2095 2448 fuit,
2130 2387 2252 2433 seu
2282 2370 2441 2431 abs-

409 2463 533 2523 que
585 2451 955 2508 interventu
1000 2451 1439 2514 revelationis
2389 2527 2401 2539 ,

481 2527 649 2603 Erga
681 2528 989 2588 revelatio
1022 2535 1531 2608 supernaturalis
1566 2532 1898 2611 duplicem
1928 2532 2226 2605 ordinem
2260 2544 2449 2592 veri—

409 2611 613 2663 tatum
645 2609 1110 2685 complectitur,
1141 2616 1668 2688 supernaturales
1696 2630 1938 2690 nempe
1973 2619 2041 2674 et
2057 2610 2396 2673 naturales
2418 2628 2447 2666 .·

405 2687 711 2747 revelatio
742 2688 1089 2750 veritatum
1118 2693 1395 2753 secundi
1423 2694 1670 2756 ordinis
1702 2701 1801 2755 est
1831 2694 2145 2754 duntaxat
2188 2704 2432 2766 super-

401 2767 713 2827 naturalis
750 2771 966 2842 quoad
989 2772 1251 2831 modum
1279 2793 1300 2832 .·
1329 2774 1669 2852 obJectum
1700 2777 1868 2835 enim
1901 2790 2022 2850 per
2050 2789 2122 2833 se
2151 2786 2287 2831 non
2319 2772 2425 2829 est

401 2846 925 2920 supernaturalffi
977 2846 1085 2909 illa
1133 2867 1273 2927 quaa
1317 2855 1625 2915 veritates
1661 2857 1895 2931 prioris
1933 2853 2199 2932 generis
2237 2865 2427 2910 com-

401 2923 725 2999 plectitur,
770 2932 870 2987 est
914 2933 1452 3006 supernaturalis,
1493 2951 1630 2998 non·
1658 2935 2119 3008 solum-quoad
2156 2931 2428 2991 modum

401 3004 884 3080 manifestandi,
933 3008 1058 3069 sed
1106 3012 1296 3072 etiam
1337 3014 1559 3090 quoad
1586 3030 1731 3075 rem
1760 3011 2259 3085 manifestatam,
2304 3023 2434 3069 seu

401 3083 625 3163 quc-ad
653 3085 990 3161 objectum.

409 3203 541 3263 151.
589 3239 663 3247 —
702 3206 916 3268 TnEs1s
961 3210 1009 3271 Ι.
1057 3213 1228 3271 Deus
1271 3213 1525 3277 homiui
1558 3223 1765 3293 potest
1802 3216 2095 3278 revelare
2128 3214 2439 3275 veritates

477 3291 613 3343 ium
645 3288 976 3349 naturales
1003 3294 1139 3351 cum
1167 3298 1721 3369 supernaturales.

477 3399 826 3487 Pralmlur.
862 3403 910 3461 1⁸
937 3419 1121 3478 pars.
1166 3408 1497 3472 Revelatio
1538 3407 2046 3488 supernaturalis
2082 3410 2435 3471 veritatum

401 3475 645 3535 ordinis
677 3482 986 3542 naturalis
1013 3499 1150 3545 non
1174 3497 1506 3567 repugnat
1559 3509 1779 3569 neque
1813 3508 1894 3552 ex
1930 3495 2117 3567 parte
2156 3486 2431 3565 objecti,

397 3571 617 3631 neque
653 3575 728 3617 ex
759 3566 942 3634 parte
973 3564 1115 3635 Dei,
1151 3583 1373 3645 neque
1407 3586 1485 3631 ex
1513 3576 1699 3648 parte
1728 3572 2043 3644 hominis;
2078 3569 2257 3647 atqui
2284 3565 2428 3627 fac-

401 3639 541 3695 tum
585 3638 1002 3701 revelationis
1050 3644 1135 3707 ad
1179 3647 1314 3710 haec
1356 3652 1477 3712 tria
1516 3652 1852 3715 dumtaxat
1894 3651 2196 3714 ordinem
2244 3647 2427 3711 dicit.

397 3715 565 3795 Ergo
601 3722 700 3779 est
722 3719 1059 3797 possibile.
