2642 4250
23 16 214 69 e··«·‚1·sac÷a:i3p³a

3 59 16 81 ¹,
74 52 115 83 ,ὲνῗιι
126 54 141 82 ἰ,
148 51 204 79 ,v·,..‘'-

42 84 47 101 ⁴.
76 86 101 109 ’,ι
128 82 200 108 Ὶ’ῑτ.;ι-.

132 349 135 352 ,
197 283 258 347 264
491 304 669 350 saeviamus
691 302 892 349 oiiinosormn

198 415 293 472 Media
307 417 425 471 interna
439 419 549 474 nullam
563 419 736 476 relationem
751 419 858 473 habent
873 415 1012 472 adfinem
1028 417 1125 472 socia-

199 486 267 542 lem.
287 486 435 542 Secunda
452 504 528 558 pars
545 509 553 544 :
573 491 725 546 Ordinatio
745 487 889 559 ejusmodi
907 488 1040 544 ordinem
1055 501 1124 544 rec-

141 591 145 607 .
199 559 264 613 tum
277 557 479 629 perturbaret,
495 575 548 617 seu
562 565 641 617 esset
655 561 795 617 violenta.
833 609 842 626 ,
1158 559 1210 616 151

234 629 275 682 De
286 632 443 699 'potestate
460 631 603 701 lispiseroe
618 634 647 684 et
666 631 770 700 tepum
786 629 921 684 dotibus.
937 630 1123 686 —Potestas

199 697 366 769 legislativa
381 701 422 755 ita
436 701 576 757 constitui
596 700 683 756 debet
697 703 730 756 ut
744 714 807 771 prae
822 713 853 754 se
868 701 944 755 l'erat
958 699 1122 772 solertiam,

201 771 431 896 aqugpilgtagem
455 775 485 826 et
504 773 700 827 honestatem.
720 799 754 812 -
777 773 818 826 De
837 771 936 841 legum
955 769 1073 850 dotibus
1092 773 1123 826 et
1159 845 1206 899 ,5,

200 856 262 895 vro
294 856 404 911 igni.
1193 861 1211 897 a

505 968 551 1016 lll.
567 967 604 1016 De
618 970 744 1030 potestate
758 961 897 1014 exocaliva.

236 1083 307 1152 Ejus
331 1085 492 1141 necessitas
512 1089 542 1141 et
565 1088 719 1158 multiplex
741 1085 846 1141 relatio
872 1100 879 1139 τ
903 1085 944 1139 De
975 1084 1123 1152 potestate

149 1161 151 1166 ·
195 1152 354 1222 judiciaria
369 1156 492 1226 ejusque
507 1160 657 1228 exercitio,
679 1173 730 1214 seu
755 1157 793 1211 cle
812 1154 949 1226 judicio.
966 1156 1006 1209 De
1019 1156 1122 1225 potes7

198 1225 260 1278 tate
274 1225 414 1289 coactiva,
441 1241 556 1282 necnon
576 1229 612 1285 de
630 1243 728 1301 poena.
743 1231 784 1284 De
800 1225 983 1298 separatione
998 1225 1121 1280 iunctio-

198 1308 269 1351 num
288 1295 415 1366 politicae
428 1300 597 1367 potestatis.

241 1414 284 1467 lv.
299 1417 337 1467 De
348 1415 427 1465 variis
439 1418 610 1470 functionibus
623 1419 734 1485 politicis
747 1420 780 1470 ad
795 1416 906 1468 invicem
922 1419 948 1466 et
962 1415 993 1466 de
1008 1413 1115 1466 diversis

577 1482 667 1532 formis
681 1480 822 1548 regiminis.
1133 1501 1135 1508 ⁴

231 1597 271 1651 De
285 1596 382 1653 trihus
396 1597 622 1669 simplicioribus
636 1600 741 1656 formis
756 1598 901 1670 gubernii.
1157 1596 1211 1651 162

230 1669 338 1722 'l'nnsts
351 1671 372 1724 l.
389 1668 541 1725 Absoluta
559 1673 819 1742 consideratione,
848 1685 885 1725 ex
909 1667 1021 1738 formis
1039 1669 1119 1721 sirn-

196 1736 345 1809 plicibus,
361 1743 616 1808 prestantissima
636 1745 681 1798 est
697 1740 882 1797 monarchia
887 1756 898 1806 ;
915 1738 969 1794 sed
987 1740 1120 1808 propter

198 1808 346 1864 humanae
361 1814 483 1866 naturae
507 1816 754 1884 corruptionem,
778 1812 891 1867 utilius
910 1813 956 1865 est
974 1809 1119 1880 repimen

197 1881 349 1935 extribus
363 1882 478 1950 formis
494 1886 715 1954 temperatum.
727 1887 758 1940 1³
771 1898 846 1954 pars
862 1901 868 1936 :
886 1878 1053 1938 Monarchia
1067 1879 1119 1935 dat

196 1950 359 2006 firmiorem
375 1954 528 2009 unitatem.
541 1958 571 2009 2⁰
586 1971 676 2026 pars:
694 1957 789 2010 torma
802 1953 895 2009 mixta
909 1952 1024 2022 gratior
1037 1954 1092 2006 est.
1154 1950 1211 2006 lul

231 2020 409 2079 Schoiiuni.
1154 2021 1211 2076 161

231 2094 340 2149 Tussis
355 2097 387 2151 ll.
412 2094 475 2151 Pro
495 2095 705 2153 determinato
720 2095 852 2168 populo,
876 2094 979 2166 forma
999 2090 1056 2148 itta
1071 2093 1116 2147 est

121 2166 125 2170 ’
194 2165 468 2237 praeferendaquae
480 2182 547 2237 prae
562 2168 683 2224 caeteris
693 2171 821 2293 aptatur
831 2164 1119 2223 consuetudinibus

195 2238 226 2291 et
240 2235 342 2291 indoli
358 2237 489 2305 hujusce
502 2240 626 2310 populi.
643 2269 678 2281 -
696 2242 707 2295 l
741 2240 858 2294 constat
873 2240 902 2294 1⁰
923 2235 1115 2307 experientia,

193 2311 224 2362 2⁰
238 2308 372 2376 analogia
387 2308 512 2365 deducta
526 2326 562 2365 ex
578 2313 688 2366 usitata
702 2312 819 2365 ratione
833 2306 939 2379 agendi
953 2306 1114 2361 hominum.
1155 2306 1212 2362 161

229 2376 404 2435 Schotium.
423 2384 528 2438 Forma
542 2381 674 2453 legitima
689 2380 768 2453 apud
782 2380 914 2451 singulos
927 2378 1061 2449 populos
1071 2379 1118 2433 est

193 2462 248 2525 pro
262 2449 321 2504 illis
334 2451 439 2521 aptior.
1154 2448 1212 2504 161

548 2635 551 2640 ,
601 2584 730 2647 CAPUT
753 2585 803 2645 lll.

487 2720 527 2763 nn
547 2719 717 2766 sociararn
737 2717 909 2763 antimosi.

532 2902 540 2912 ⁴
586 2832 785 2889 annicetus
799 2833 821 2887 l.

405 2958 444 3012 De
463 2961 591 3013 societate
609 2961 741 3028 calipiosu
760 2960 792 3012 iu
810 2974 837 3012 se
854 2962 985 3027 spectata.

228 3073 296 3128 Haec
310 3073 437 3128 societas
459 3075 559 3145 potest
574 3074 703 3145 spectari
721 3073 818 3145 quoad
835 3074 944 3129 statum
967 3073 1117 3129 internum

192 3145 222 3199 et
235 3142 332 3215 quoad
347 3145 459 3199 statum
473 3148 638 3201 externum.
667 3150 671 3157 '
877 3146 880 3155 '
1154 3142 1213 3199 165

439 3269 492 3333 §l
526 3271 567 3323 De
582 3271 661 3324 statu
676 3268 795 3323 interno
810 3266 956 3325 Ecclesiae.

1 3364 69 3460 ἰν,
96 3417 98 3420 -
141 3430 144 3433 ,
226 3384 299 3441 Cum
322 3383 427 3453 religio
452 3384 491 3439 sit
519 3384 768 3454 supernaturalis
795 3382 828 3439 fit
850 3385 884 3443 ut
902 3385 967 3456 ipsa
991 3383 1117 3439 societas

0 3459 66 3527 5355«
191 3454 328 3525 religiosa
343 3455 382 3511 sit
396 3454 531 3524 eiusdem
545 3454 669 3511 ordinis.
1153 3454 1211 3510 165

8 3524 65 3608 ἷ.,1,9’
93 3549 109 3574 τ
135 3535 137 3538 “
225 3529 335 3601 Transis
357 3526 379 3581 l.
394 3525 535 3581 Societas
556 3525 704 3597 relipiosa
723 3524 767 3582 est
788 3522 914 3582 homini
935 3540 1001 3595 pru
1025 3521 1116 3580 ciuili

1 3600 107 3668 rep„
143 3642 147 3649 .
190 3596 377 3661 necessaria.
393 3625 427 3637 -
442 3598 557 3652 Etenim
572 3599 618 3652 est
632 3611 778 3667 organum
791 3596 991 3659 revelationis,
1013 3597 1043 3651 et
1058 3610 1117 3651 me-

11 3671 93 3738 ’1,
190 3666 307 3725 diorum
322 3666 425 3723 salutis
440 3667 649 3739 dispensatrix.
877 3708 879 3713 ,
1057 3710 1061 3717 .
1152 3667 1210 3723 166
