2642 4250
469 304 577 364 125
1083 322 1445 366 Buvmnmu
1486 319 1891 366 pultosopmffi

461 436 545 492 ita
605 436 669 492 in
731 430 1134 510 profundum
1191 433 1455 495 radices
1514 435 1650 513 egit
1704 443 1778 494 ut
1826 433 2192 516 jurisperiti
2230 437 2485 496 romani

461 529 784 574 munnam
839 513 1170 576 servitutis
1221 515 1603 593 injustitiam
1650 518 1757 576 vix
1802 529 2207 595 cognoscere
2256 516 2481 575 value-

461 596 601 652 rint.
641 596 799 653 Cum
830 596 1004 655 enim
1035 594 1255 657 omnia
1277 596 1428 674 jura
1466 594 1769 670 hominiS,
1818 610 2217 672 omnemque
2269 593 2488 674 digni-

461 680 662 736 tatem
715 673 1071 734 humanam
1124 691 1206 734 ex
1242 675 1397 753 jure
1445 675 1712 736 civitatis
1774 679 2027 736 tantum
2075 679 2485 752 repeterent,

461 764 641 812 cci-tri
685 754 936 814 nullum
965 756 1360 832 principium
1404 754 1500 814 eis
1544 756 1943 832 suppetebat
1995 752 2080 814 ad
2126 753 2485 816 videndum

461 852 661 912 quain
689 833 1095 894 exsecranda
1124 851 1230 895 res
1261 836 1344 895 sit
1386 835 1664 896 servitus
1692 834 1956 913 proprie
2008 833 2199 894 dicta.

1297 1097 1550 1161 CAPUT
1592 1100 1667 1160 ΙΙ.

1134 1277 1211 1319 DE
1250 1274 1572 1320 SOCIETATE
1612 1274 1806 1320 CIVILl.

537 1392 673 1452 2329OE
709 1423 786 1434 -
817 1387 1194 1466 Indigentiae
1222 1390 1523 1450 humanae
1566 1406 1687 1466 per
1714 1391 1925 1451 solam
1952 1389 2341 1450 societatem
2374 1390 2487 1451 do-

457 1472 796 1532 iuvencam
837 1485 972 1530 non
1003 1471 1159 1529 satis
1190 1473 1525 1547 provisum
1571 1473 1779 1542 esset;
1816 1484 1971 1529 nam
2008 1473 2159 1546 post
2204 1468 2483 1532 familia-

457 1572 597 1612 rum
633 1548 1264 1626 multiplicationem,
1308 1565 1498 1611 novae
1542 1548 1777 1610 domus
1819 1564 2146 1626 novaeque
2200 1566 2482 1628 congre-

457 1636 756 1704 gati-mes
785 1628 1124 1690 hominum
1156 1636 1390 1691 exortae
1411 1634 1594 1702 sunt;
1621 1645 1815 1705 porro
1841 1629 2288 1690 necessarium
2314 1631 2490 1690 inter

457 1728 661 1772 not-sae
692 1714 755 1769 et
779 1713 1043 1770 veteres
1072 1707 1350 1770 familias
1383 1711 1749 1772 exsurrexit
1788 1709 2255 1771 commercium
2304 1709 2490 1788 quod

461 1792 537 1848 :nl
593 1804 889 1848 :turmam
935 1789 1252 1866 aequitatis
1299 1795 1366 1851 et
1410 1791 1773 1851 communis
1813 1790 2108 1850 utilitatis
2150 1788 2487 1852 moderari

461 1872 561 1928 *ivl
581 1872 767 1929 what.
802 1869 1119 1929 Praeterea
1148 1870 1292 1945 ipsa
1334 1885 1619 1946 persona
1648 1870 1936 1929 humana
1965 1884 2087 1945 per
2113 1884 2319 1930 novas
2346 1870 2491 1930 illas
2593 1897 2594 1914 π

461 1952 811 2010 1·1·l;1tinnes
841 1948 1473 2025 civitatisperficitur
1502 1957 1567 2010 et
1593 1950 1794 2010 veluti
1825 1947 2279 2025 amplificatur,
2304 1948 2487 2011 ideo·

461 2048 585 2108 qun
633 2029 907 2092 societas
939 2029 1141 2090 civilis
1177 2027 1686 2105 perfectibilitati
1722 2033 1965 2089 naturae
2013 2029 2313 2089 humanae
2366 2046 2481 2107 ap-

461 2128 661 2188 prime
691 2107 1075 2185 respondet.

537 2196 673 2249 „tntu
701 2206 858 2252 vero
888 2196 961 2250 ut
992 2187 1344 2250 efficaciter
1372 2187 1457 2249 ad
1486 2189 1808 2248 unitatem
1850 2187 2165 2249 socialem
2214 2187 2489 2251 diversae

461 2273 706 2329 suntiliae
762 2268 1172 2347 redigantur,
1233 2284 1369 2329 non
1425 2267 1665 2329 sufficit
1716 2269 2044 2329 abstracta
2105 2269 2267 2329 ratio
2328 2270 2486 2330 boni

461 2351 827 2413 vtammunis
857 2365 938 2409 ex
965 2347 1138 2409 facto
1171 2348 1393 2410 sociali
1417 2346 1785 2418 mutuandi,
1819 2348 1939 2409 sed
1963 2348 2049 2409 ad
2074 2349 2488 2409 voluntatem

457 2441 525 2493 et
577 2433 806 2489 virium
868 2428 1404 2509 conjunctionem
1463 2428 1769 2489 stabilem
1824 2433 1960 2490 tuto
2025 2428 2483 2498 obtinendam,

457 2512 808 2589 rs-quiritur
855 2510 952 2570 vis
1015 2509 1233 2586 aliqua
1277 2513 1551 2569 externa
1594 2507 1679 2568 ad
1719 2510 2040 2570 unitatem
2080 2511 2335 2570 realem
2376 2525 2485 2568 re-

461 2593 693 2661 slim-ns
724 2590 934 2651 varias
961 2586 1242 2650 familias
1272 2604 1416 2660 seu,
1449 2588 1588 2649 aliis
1616 2587 1860 2654 verbis,
1893 2589 2269 2665 imperium,
2305 2588 2488 2667 quod

461 2681 545 2729 ve!
617 2670 814 2731 veluti
871 2668 1079 2728 forma
1126 2670 1536 2731 constitutiva
1594 2668 1861 2729 unitatis
1917 2669 2197 2729 socialis.
2254 2669 2485 2746 Itaque

457 2767 739 2825 plnufflns
799 2754 995 2826 caput
1046 2748 1114 2807 in
1173 2746 1339 2808 duos
1407 2748 1711 2808 articulos
1785 2746 2275 2819 distribuemuS‚
2325 2765 2486 2827 quo·

457 2849 601 2889 rum
657 2832 907 2909 primus
967 2828 1086 2888 erit
1143 2826 1226 2888 de
1283 2829 1607 2888 societate
1673 2827 1841 2889 civili
1905 2830 1974 2889 in
2033 2843 2105 2888 se
2160 2832 2484 2906 spectata,

457 2913 621 2969 alti-1²
665 2910 747 2971 de
786 2922 1097 2986 suprema
1139 2907 1337 2987 hujus
1382 2908 1716 2969 societatis
1763 2910 2095 2985 potestate
2143 2908 2485 2986 speciatim

455 2996 771 3065 inspecta.

1217 3083 1618 3175 ARTICULUS
1656 3121 1699 3174 1.

790 3247 885 3308 De
912 3244 1214 3306 societate
1238 3243 1422 3305 civili
1443 3243 1807 3320 qeneratz‘m
1841 3247 2148 3321 inspecta.

529 3385 673 3441 230.
705 3413 780 3425 —-
823 3376 1403 3439 Considerabimus
1443 3379 1789 3453 oriqinem,
1836 3378 2031 3454 finem
2076 3381 2143 3439 et
2190 3378 2491 3440 intimam

449 3469 851 3521 structuram
875 3457 1074 3537 hujus
1116 3457 1471 3527 societatis,
1525 3462 1592 3518 et
1638 3456 1911 3535 quidem
1956 3457 2269 3533 breviter,
2320 3473 2483 3535 prae-

453 3545 677 3601 sertim
708 3538 930 3617 quoad
976 3538 1274 3598 ultimam
1322 3542 1603 3614 partem,
1656 3540 1810 3614 quia
1860 3535 1943 3598 de
1992 3538 2118 3599 hac
2158 3553 2233 3599 re
2292 3538 2487 3599 etiam

453 3625 669 3701 agitur
695 3621 763 3680 in
803 3618 1076 3681 articulo
1127 3619 1445 3695 sequenti
1491 3617 1606 3678 ubi
1655 3616 1740 3678 de
1792 3632 2104 3694 suprema
2152 3620 2488 3695 potestate

453 3700 933 3777 disputabimus
979 3718 994 3757 ε
1027 3701 1325 3776 potestas
1350 3698 1528 3759 enim
1571 3701 1673 3758 est
1698 3696 1900 3760 veluti
1941 3694 2153 3760 forma
2197 3697 2485 3761 societa-
