2642 4250
425 271 563 316 nrsronn
583 272 798 317 rrrnosornrn.
1063 250 1126 311 213

103 391 363 466 cosmogoniam.
380 389 489 452 Solem
505 394 537 449 et
551 389 665 449 lunam
679 406 718 450 ac
733 389 842 450 sidera
856 383 996 448 Chaldai
1012 383 1123 445 divino
1151 393 1153 398 '

103 468 195 532 cultu
223 472 520 555 prosequebantur,
551 470 606 546 qui
634 471 839 547 caeteroquin
867 470 1025 528 unitatem
1062 464 1123 526 Dei

104 547 401 627 agnoscebantll).
1118 585 1120 590 ·

142 629 196 688 ttt.
215 629 314 706 Origo
331 629 547 705 philosophiae
562 627 650 709 apud
664 628 835 708 AEgyptios
850 643 868 687 a
886 627 961 686 Thot
980 625 1122 684 Trisme·

101 708 186 781 pisto
200 712 370 786 repetitur,
387 710 442 785 qui
464 727 483 769 a
498 709 631 777 GraeciS,
648 711 795 779 Hermes,
813 725 831 767 a
846 707 976 772 Latinis,
993 705 1119 764 hlcrcu-

101 786 170 846 rius
189 794 336 849 vocatur.
362 789 633 865 Philosophorum
660 787 887 867 AEgyptiorum
918 784 1041 860 duplex
1070 787 1122 842 est

102 866 271 945 theologia
288 870 452 947 :vulgaris
471 884 537 929 una
560 885 620 929 seu
646 871 824 938 amalarico,
850 867 952 925 altera
980 862 1120 942 mystica

100 961 164 1006 seu
180 953 350 1020 eccleciam·
371 950 459 1024 prior
480 950 606 1009 cultum
621 949 767 1009 divinum
791 944 976 1008 foedissimis
991 944 1116 1003 anima*

98 1025 188 1087 libus
202 1025 362 1099 decernit,
379 1029 481 1089 altera
495 1030 614 1089 multas
628 1030 783 1088 veritates
799 1027 841 1088 de
856 1029 924 1086 Deo
951 1030 984 1084 ct
1009 1023 1118 1083 anima

99 1105 246 1166 humana
259 1107 426 1170 relerebat
438 1108 493 1187 (2).

139 1187 193 1245 lV.
232 1187 381 1251 Tandem
410 1186 521 1266 quoad
548 1188 731 1259 Phaenices,
763 1188 843 1247 licet
875 1183 1120 1244 Suncdonc'otcn

97 1266 202 1326 rebus
216 1266 378 1329 historicis
393 1269 498 1346 magis
523 1285 620 1345 quam
644 1266 878 1344 philosophicis
903 1277 1039 1338 operam
1053 1261 1119 1320 inr-

98 1345 267 1420 penderit,
291 1348 377 1409 inter
398 1349 613 1425 philosophos
636 1353 747 1408 tamen
768 1351 841 1424 jure
866 1347 1116 1412 annumeratum

97 1428 248 1488 tractavit
263 1429 351 1486 enim
366 1426 408 1489 de
429 1429 556 1508 origine
580 1426 694 1488 mundi
718 1442 778 1488 seu
803 1422 1017 1502 cosmogoniac
1042 1438 1115 1501 sys-

96 1507 185 1567 tema
200 1505 305 1568 edidit
318 1507 372 1588 (3).

346 1644 365 1704 5
382 1641 414 1695 It.
425 1667 460 1682 -
473 1637 663 1710 Philosophia
678 1637 880 1694 occidentalis.

135 1762 341 1825 incunabula
355 1765 571 1843 philosophiae
596 1768 629 1826 in
652 1765 787 1826 Oriente
811 1762 957 1823 luerunt.
983 1757 1048 1819 Sed
1073 1773 1118 1818 ex

95 1841 231 1904 Oriente
247 1845 453 1923 philosophia
468 1850 613 1907 actutum
625 1846 777 1923 migravit
791 1844 824 1904 in
836 1841 1063 1906 Occidentem,
1080 1839 1114 1897 in

94 1939 161 2000 quo
197 1927 382 2000 praesertim
410 1927 471 1987 suh
500 1926 634 2004 ingenio
663 1939 774 2004 graeco
802 1922 1015 1984 rationalibus
1043 1917 1114 1978 dis·

95 2002 226 2079 ciplinis
242 2006 378 2080 proclivi
392 2006 435 2067 ita
451 2011 582 2066 mentes
598 2005 748 2066 distinuit
768 2010 804 2064 ut
818 2001 981 2078 sapientia
1002 2012 1115 2078 graeca

93 2082 254 2145 oblivioni
269 2101 385 2146 omnes
399 2086 529 2147 scholas
544 2088 725 2148 anteriores
742 2082 881 2145 dederit.

131 2163 250 2224 Adhuc
266 2181 346 2244 ergo
363 2158 596 2243 disputandum
612 2172 663 2227 est
678 2166 720 2226 de
735 2164 940 2241 philosophia
953 2156 1110 2222 occiden-

92 2241 147 2303 tali
170 2249 245 2304 ante
260 2250 534 2323 propagationem
559 2244 637 2307 fidei
661 2245 841 2316 catholicam
866 2245 982 2304 leviter
1000 2244 1112 2320 tamen

91 2322 294 2401 attingemus
316 2326 402 2386 varia
427 2333 616 2404 systemata,
641 2342 704 2387 seu
728 2324 979 2392 delineahimuS,
1006 2330 1042 2379 ut
1065 2321 1112 2380 ita

91 2399 213 2471 dicam,
229 2404 333 2464 varias
357 2406 497 2473 scholas,
515 2421 594 2483 quac
621 2404 819 2481 caeteroquin
847 2406 934 2465 inter
953 2416 989 2460 se
1018 2412 1111 2475 saepe

89 2496 159 2542 non
189 2482 346 2546 differunt
377 2487 439 2548 nisi
471 2488 547 2563 quia
574 2486 653 2547 alias
675 2486 816 2562 ineptias
839 2490 871 2545 ct
892 2478 1112 2543 absurditates

90 2569 290 2639 congerunt.

129 2640 339 2720 Philosophia
374 2644 588 2705 occidentalis
617 2648 693 2705 ante
716 2644 926 2704 diffusionem
940 2634 1111 2715 religionis

90 2720 283 2795 christianae,
299 2740 360 2784 seu
374 2731 549 2801 antequam
564 2722 682 2786 fuisset
701 2724 943 2785 christianismo
972 2718 1108 2787 imbuta,
1181 2743 1184 2749 ·

89 2816 128 2859 ac
143 2801 284 2877 proinde
300 2802 341 2863 ad
356 2803 497 2883 gradum
511 2804 611 2883 longe
627 2801 854 2881 perfectiorem
870 2802 1038 2879 provecta,
1050 2813 1109 2873 po·

90 2882 154 2941 test
169 2880 270 2943 dividi
283 2883 317 2943 in
332 2884 571 2961 philosophiam
582 2884 770 2945 Graecamet
785 2883 1106 2961 Gracco-Romanam.

120 3035 157 3097 (l)
178 3039 455 3102 Beroaisrapmento.
468 3068 500 3079 -
513 3041 615 3090 Bruker
628 3055 633 3089 :
645 3042 716 3089 Hist.
733 3041 793 3091 crit.
810 3040 883 3088 Phil.
894 3044 913 3088 t.
928 3040 940 3087 l
953 3053 1009 3102 cap.
1024 3012 1053 3087 11.v
1068 3036 1110 3088 (ti.

88 3096 132 3171 Fr.
156 3099 314 3149 Lenormant
333 3116 339 3149 ι
356 3103 439 3150 Easai
462 3104 495 3151 de
512 3106 706 3152 contraeictaire
728 3105 773 3152 des
797 3102 951 3166 fraptnents
974 3114 1110 3163 cosmopo-

91 3172 189 3221 rttquca
202 3163 235 3210 de
248 3164 359 3227 Beroea,
377 3163 446 3212 1872.

116 3264 155 3323 (2)
171 3265 346 3330 champollion
362 3281 368 3315 τ
384 3267 518 3331 L'Epypte
531 3285 594 3318 acus
609 3269 646 3319 les
659 3270 814 3319 Pharaone.
828 3297 858 3309 -
872 3259 1027 3318 Plutarchus
1045 3280 1052 3315 t
1068 3268 1109 3319 De

85 3325 200 3375 letaeer
216 3328 329 3387 osiride,
350 3345 373 3378 c.
397 3345 454 3379 xxr.
473 3358 506 3369 -
519 3332 632 3380 Hermes
657 3332 854 3396 Trismepistus,
878 3331 944 3395 apud
972 3330 1106 3381 Patriazl:

86 3386 352 3513 ffioxp‘rifomm
361 3392 546 3455 philosophia.
560 3420 592 3431 -
605 3396 740 3444 Heumann
755 3410 761 3444 :
778 3397 815 3443 De
824 3394 998 3456 philosophia
1014 3394 1104 3455 arttip.

117 3554 152 3619 (3)
170 3557 372 3639 Saoclwniatoo
383 3564 540 3627 fragmenta
553 3562 621 3629 apud
634 3564 727 3614 Euseb.
746 3578 751 3613 :
767 3564 882 3629 Praepar.
894 3563 1008 3629 evangel.
