2642 4250
160 285 222 352 aba
459 305 640 352 uucvtlumu
660 301 862 348 annosorum

82 400 88 419 ¹
197 424 317 476 Tussis.
327 417 450 491 Scupus
459 419 598 489 politicae
613 417 770 474 societatis
785 418 821 473 in
837 416 928 473 bonis
947 415 1086 472 externis

161 491 385 562 comparandis
399 493 491 562 sistit,
507 494 664 562 quatenus
678 489 718 545 ad
733 503 936 545 communem
955 501 1087 558 prospe·

29 564 31 567 '
79 589 82 592 ⁴
161 560 504 631 rit-aiernsinputorum
516 561 731 617 membrorum
743 575 775 616 se
789 559 933 630 referunt
946 561 976 615 et
990 559 1086 614 inter·

161 649 204 690 no
228 632 416 689 moralitatis
431 633 543 688 ordine
557 632 784 702 informantur.
801 659 834 673 -
848 630 964 689 Etenim
980 632 1008 687 1ο
1024 643 1085 686 sco·

159 717 217 777 pus
240 718 275 760 re
297 704 345 759 oni
364 703 452 760 debat
470 703 501 758 in
520 718 554 760 re
577 703 686 759 visibili
710 705 740 758 et
762 701 877 758 viribus
901 700 1086 758 naturalibus

161 719 332 847 attingtffili,
347 779 378 831 2⁰
396 775 446 830 ille
465 789 572 856 scopus
590 773 678 831 debet
696 788 821 843 vergere
844 773 875 828 in
898 771 1085 830 commodum

162 847 313 904 sociorum
325 865 331 900 :
343 847 469 902 societas
484 860 562 901 emm
575 845 787 915 perfectionem
802 858 925 900 suorum
939 843 1085 899 membro·

160 931 229 978 rum
239 920 347 973 natura
358 932 411 973 sua
429 916 566 980 intendit,
582 917 612 972 3⁰
626 917 692 972 haec
704 916 782 971 bona
796 919 919 972 externa
933 916 1085 986 nequeunt

161 987 297 1044 adfinem
307 988 443 1044 ultimum
458 987 569 1042 directe
584 987 632 1042 vel
645 986 861 1042 indirectenon
876 1001 908 1042 se
923 985 1046 1042 reterre.
1122 980 1176 1040 133

241 1127 260 1188 s
274 1123 317 1179 lll.
326 1125 367 1177 be
381 1120 543 1178 oeconomia
557 1121 742 1246 internal'seu
757 1121 793 1176 de
807 1123 915 1177 natura
929 1119 1081 1176 societatis

611 1207 671 1247 cun
683 1205 717 1246 is.

13 1298 16 1302 ⁴
97 1318 99 1321 ’
197 1314 328 1371 Societas
352 1314 449 1369 civilis
470 1313 640 1370 immediate
665 1315 782 1370 constat
804 1329 840 1368 ex
862 1313 991 1381 familiis,
1013 1326 1082 1369 nam

165 1386 194 1441 1⁰
208 1387 296 1442 homo
315 1385 458 1441 strictiori
472 1385 592 1440 vinculo
610 1385 730 1441 familiae
749 1385 889 1454 alligatur
903 1398 992 1454 quam
1008 1383 1084 1440 civi-

162 1457 228 1518 tati,
244 1461 275 1511 20
286 1457 355 1524 jura
370 1456 528 1512 domestica
544 1457 695 1512 anteriora
710 1459 780 1513 sunt
795 1459 825 1512 et
840 1455 992 1512 stabiliora
1002 1455 1084 1527 juri·

162 1525 219 1582 bus
233 1526 379 1582 civilibus.
1121 1523 1177 1582 135

198 1600 309 1654 Tussis
324 1600 343 1653 l.
357 1595 523 1653 Elementa
538 1595 719 1653 essentialia
733 1597 891 1654 societatis
905 1599 982 1653 sunt
996 1595 1083 1653 mut-

1 1680 9 1737 j
62 1717 65 1720 ,
159 1667 264 1724 titudo
278 1669 308 1722 et
322 1667 506 1724 auctoritas.
521 1697 555 1710 -
570 1669 685 1724 Etenim
700 1667 736 1722 ad
752 1670 921 1724 societatem
935 1669 1082 1724 constitu-

40 1793 43 1796 ,
156 1739 264 1796 endam
274 1739 439 1809 requiritur
452 1739 611 1795 multitudo
625 1741 656 1794 et
672 1739 770 1794 unitas
784 1739 882 1795 realis.
1119 1737 1175 1794 135

191 1809 371 1866 Schotium.
387 1810 569 1880 Principium
584 1810 708 1865 unitatis
723 1809 831 1865 dicitur
846 1810 1016 1866 auctoritas
1119 1808 1173 1866 136

191 1883 302 1937 Tussis
310 1883 342 1937 ll.
351 1881 488 1936 Potestas
497 1879 631 1951 politica
640 1879 680 1936 ad
689 1880 862 1952 proprium
874 1880 1080 1937 commodum

63 2000 65 2003 .
155 1952 290 2022 subjecti
311 1951 409 2022 hujus
428 1951 590 2021 potestatis
610 1966 677 2006 non
697 1953 814 2020 spectat
832 1951 886 2007 scd
906 1951 1023 2007 directe
1039 1950 1080 2006 ad

155 2022 361 2080 commodum
378 2023 475 2078 totius
489 2024 733 2079 communitatis
751 2021 931 2079 ordinatur.
948 2051 982 2064 -
997 2023 1081 2079 Pote-

153 2095 217 2151 stas
231 2094 311 2149 enim
323 2093 518 2151 constituitur
532 2097 655 2165 propter
670 2093 764 2165 ipsam
778 2095 1032 2153 communitatem.
1118 2089 1172 2150 136

190 2165 368 2222 Schotium.
380 2166 519 2234 Specialis
533 2164 686 2235 dispositio
700 2166 915 2222 elementorum
925 2166 1079 2221 socialium

155 2237 210 2294 sub
223 2237 372 2308 potestate
387 2236 495 2293 dicitur
509 2237 682 2292 constitutio
697 2237 827 2307 politica.
1118 2233 1173 2291 137

188 2308 299 2364 Tuusts
313 2310 355 2364 ΙΙΙ.
373 2306 563 2363 Gon-stitutio
579 2307 705 2380 politica
720 2307 809 2363 debet
833 2322 897 2363 esse
918 2310 1076 2379 amantea,

156 2393 221 2435 non
238 2378 431 2435 mechanica.
442 2378 601 2434 —lttenim
616 2378 742 2435 societas
758 2382 874 2435 constat
889 2392 948 2435 non
963 2382 1082 2435 tautum

156 2450 247 2507 rebus
260 2450 450 2521 iuorganicis.
468 2449 520 2505 sed
533 2449 702 2520 praesertim
716 2450 866 2520 personis.
1052 2518 1055 2524 Ι
1122 2447 1176 2505 131

542 2591 739 2647 ARTlCULUS
760 2592 795 2652 ll.

435 2715 475 2771 Be
489 2729 619 2782 supremo
630 2719 762 2783 potestate
773 2716 898 2784 politico.

260 2853 264 2858 ’
376 2848 486 2912 §blla
501 2845 616 2916 origine
630 2859 777 2917 supremae
789 2846 957 2917 potestatis.

193 2966 282 3021 Varia
295 2968 457 3036 systemata
472 2965 550 3022 circa
565 2966 711 3036 originem
725 2958 883 3037 potestatis
897 2966 1033 3039 politica.
1118 2964 1172 3023 138

192 3040 213 3094 1.
228 3038 270 3091 lla
284 3039 448 3092 contractu
463 3035 584 3103 sociali,
593 3038 643 3107 qui
657 3052 712 3109 per
722 3042 850 3108 pactum.
864 3054 956 3095 unum
967 3040 1017 3093 aut
1030 3037 1083 3093 tri-

8 3085 11 3091 *
76 3171 94 3174 .-
156 3107 542 3236 ffinexplmattransitum
556 3124 573 3163 e
588 3112 667 3202 statu
684 3112 799 3165 naturae
813 3108 850 3165 ad
865 3112 977 3166 statum
992 3108 1083 3164 socia·
1119 3177 1173 3233 138

193 3252 303 3306 Tussis
313 3250 333 3306 l.
348 3249 483 3305 theoria
492 3252 672 3307 contractus
682 3249 809 3307 sociatis
824 3250 860 3305 in
876 3253 966 3305 seest
977 3250 1085 3306 absur-

157 3319 209 3385 da,
226 3323 255 3375 et
278 3320 316 3403 in
339 3321 412 3401 suis
433 3321 668 3403 consequentiis
689 3322 871 3401 theoreticis
890 3324 919 3377 et
934 3320 1084 3391 practicis

156 3392 340 3449 subversioa
356 3394 453 3447 totius
468 3392 595 3446 ordinis
609 3392 736 3447 socialis
756 3396 784 3449 et
803 3393 979 3464 pracsertim
994 3394 1083 3463 pote-

46 3500 50 3503 ·
73 3484 76 3489 ·
157 3465 246 3518 statis
259 3462 405 3533 publicae.
421 3456 455 3503 ’-
469 3462 581 3517 Prima
594 3478 668 3532 pars
683 3467 799 3520 constat
814 3480 851 3520 ex
865 3462 948 3519 falsis
968 3462 1083 3533 princi·

156 3532 215 3606 piis
225 3533 332 3615 quibus
345 3532 407 3589 heac
420 3532 535 3588 theoria
545 3533 691 3598 innititur,
703 3538 734 3589 et
748 3548 783 3589 ex
799 3532 1082 3591 contradictionibus

33 3608 44 3667 j
159 3618 234 3674 quas
248 3604 384 3659 mvolvit.
399 3602 547 3659 Secunda
559 3619 634 3674 pars
647 3604 794 3663 evincitur
808 3621 845 3661 ex
859 3620 895 3661 eo
908 3603 987 3676 quod
1000 3605 1082 3661 theo·

63 3706 66 3710 ²
160 3674 207 3744 ria
221 3674 282 3729 haec
295 3672 385 3730 solvit
398 3672 532 3730 ordinem
546 3674 683 3731 socialem
698 3676 734 3732 ab
749 3675 852 3733 ordine
872 3674 986 3744 morali,
1000 3672 1082 3731 ducit
