2642 4250
459 286 561 330 armni
585 284 731 330 saucians
1049 267 1105 326 153

81 401 255 479 inquibus
278 401 529 462 constitutiones
552 402 679 478 scriptae
701 401 833 482 copiose
852 399 1015 478 pullulant
1030 414 1105 461 cum

82 482 229 542 maximo
254 479 452 541 detrimento
469 479 634 542 societatis
650 482 803 558 politicae.

133 563 260 636 lLepes
279 561 417 634 physica
438 561 549 622 vocari
573 566 714 639 possunt
735 561 844 622 omnia
865 556 949 620 facta
969 564 1106 620 nature·

9 714 10 720 ἵ
84 642 135 703 lia
164 644 349 702 necessaria
371 649 428 703 aut
458 639 686 714 accidentalia,
717 639 847 701 interna
867 640 920 699 vel
957 646 1103 712 externa,

86 736 229 799 quorum
253 721 315 780 sub
345 719 468 781 influxu
498 720 568 780 talis
589 721 676 782 natio
703 719 737 779 in
768 737 828 780 suo
860 734 935 780 esse
969 719 1103 796 politico

86 799 295 861 constituitur
318 820 325 860 :
348 798 434 860 facta
468 800 598 862 interna
615 801 687 880 jam
707 807 784 860 sunt
805 799 890 860 adeo
911 814 1101 868 numerosa,

86 880 254 957 disparata
276 884 309 940 et
330 880 519 956 improvisa,
541 881 690 941 utnulla
712 880 758 939 vis
779 880 924 939 humana
946 879 1104 954 capessit

84 977 147 1036 pro
173 960 303 1020 arbitrio
335 959 500 1022 moderari
536 961 582 1021 et¹
603 975 758 1021 coercere
793 979 800 1020 :
831 958 919 1019 facta
954 964 1102 1032 externa,

84 1055 206 1115 nempe
236 1039 277 1099 ab
305 1040 434 1118 actione
456 1041 592 1100 altarum
613 1043 785 1102 nationum
808 1042 841 1099 et
863 1054 881 1097 a
899 1039 976 1115 jure
998 1042 1103 1101 inter-

85 1119 242 1182 nationali
277 1119 479 1190 coascende,
504 1125 698 1196 potestatem
720 1119 974 1181 constituentem
994 1118 1104 1194 potius

84 1204 206 1276 regunt
220 1214 319 1276 quam
341 1199 382 1259 ab
405 1201 474 1276 ipsa
500 1205 677 1278 regentum
702 1200 865 1276 gradatim
890 1199 951 1258 sub
976 1197 1103 1258 influxu

83 1279 213 1340 illorum
248 1276 410 1338 factorum
444 1280 616 1357 utriusque
652 1280 776 1342 ordinis
798 1278 976 1340 succrescit
997 1279 1102 1337 forma

85 1359 292 1420 constitutiva
307 1359 447 1436 alicujus
469 1359 646 1420 societatis.

119 1439 206 1517 Ergo
229 1439 323 1517 leges
346 1439 491 1518 physicae
514 1441 633 1518 quibus
648 1443 797 1516 potestas
810 1437 957 1517 politica,
973 1439 1007 1498 in
1022 1451 1102 1498 con-

85 1523 173 1578 creto
193 1523 358 1594 spectata,
381 1519 481 1580 talem
501 1517 641 1580 formam
674 1520 812 1594 accepit,
836 1535 855 1579 a
876 1517 1011 1594 speciali
1043 1515 1103 1576 Dei

83 1596 289 1673 providentia
311 1602 535 1674 maximopere
550 1599 711 1676 pendent,
735 1604 769 1659 et
790 1597 989 1674 complexim
1003 1611 1103 1673 spec·
1150 1606 1154 1613 ¹

85 1680 157 1739 tatae
177 1680 344 1738 actionem
359 1679 495 1740 liberam
519 1680 659 1740 hominis
682 1679 816 1755 penitus
836 1676 978 1756 fugiunt.

123 1757 159 1817 ll.
183 1759 252 1816 Lem
278 1759 414 1820 moretis
439 1760 592 1834 primaria
613 1761 786 1834 potestatis
811 1758 1051 1827 constituentis,
1074 1754 1101 1816 si

83 1837 136 1896 lex
166 1837 326 1912 appellari
351 1843 473 1914 potest,
507 1845 558 1899 est
592 1855 670 1899 vera
698 1838 860 1916 subjectio
886 1838 953 1914 legi
978 1834 1101 1895 funda-

83 1917 231 1989 mentali‚
266 1934 336 1994 que
368 1921 419 1979 est
452 1920 542 1980 velut
571 1919 765 1979 resultantia
799 1917 947 1978 omnium
985 1917 1101 1994 legum

83 1996 306 2076 physicarum,
324 2013 363 2055 ac
386 1998 524 2074 proinde
544 1999 731 2075 prosecutio
747 1995 820 2058 linis
835 1997 964 2058 socialis
978 2008 1099 2056 secun·
1170 2057 1173 2063 ,

86 2075 162 2137 dum
176 2076 263 2138 hanc
277 2079 399 2155 legem.

120 2159 187 2218 Lex
211 2173 290 2236 ergo
311 2156 568 2220 fundamentalis
589 2159 763 2234 potestatis
787 2155 1019 2218 constituentis
1051 2157 1101 2215 est

82 2237 147 2297 hec
161 2239 352 2314 prosecutio
374 2239 508 2299 unitatis
529 2238 772 2307 intellectualia,
795 2237 929 2297 moralis
951 2240 985 2295 et
1012 2235 1095 2309 poli-

82 2319 159 2388 ticae,
178 2315 377 2393 applicando
395 2319 487 2395 leges
516 2324 653 2378 aeternas
673 2318 805 2396 justitie
827 2321 860 2377 et
884 2316 1097 2376 humanitatis

82 2396 211 2473 legibus
227 2396 373 2477 physicis
388 2414 458 2475 que
474 2396 517 2458 ad
533 2398 632 2458 talem
646 2400 816 2459 nationem
833 2393 1110 2458 constituendam

82 2482 303 2549 concurrunt;
340 2478 417 2537 unio
449 2477 748 2558 intelligentiarum,
778 2479 813 2537 in
836 2476 991 2545 veritate;
1019 2475 1099 2533 unio

9 2599 10 2602 ,
80 2556 298 2627 voluntatum,
321 2572 383 2629 seu
406 2558 550 2629 moralis
582 2562 617 2617 in
643 2556 770 2636 justitia
800 2560 833 2616 et
866 2555 1099 2633 prosecutione

80 2636 158 2696 boni
178 2638 377 2705 communis;
394 2638 472 2697 unio
495 2638 638 2714 politica,
654 2653 716 2697 seu
728 2651 957 2714 personarum,
974 2642 1006 2695 et
1020 2633 1098 2694 unio

81 2717 269 2785 materialis,
292 2716 326 2775 in
348 2716 535 2777 harmonica
558 2717 773 2793 dispositione
789 2717 935 2776 omnium
956 2712 1106 2775 functio·-

9 2795 10 2817 ³
81 2809 157 2854 num
176 2797 379 2872 politicarum
390 2796 488 2875 juxta
507 2797 655 2858 indolem
674 2797 731 2858 tali
751 2795 916 2856 nationis..

9 3521 13 3572 t

121 2874 170 2937 Ex
193 2875 288 2936 dictis
302 2875 441 2937 infertur
456 2876 518 2936 alia
532 2876 587 2938 lex
600 2877 733 2937 moralis
749 2895 756 2935 ε
778 2875 960 2935 immutatio
981 2876 1015 2935 in
1037 2873 1096 2934 ali-

82 2969 145 3029 qua
183 2960 275 3031 parte
296 2968 375 3015 vere
398 2958 564 3017 essentiali
590 2956 830 3018 constitutionis
851 2955 920 3015 fieri
941 2956 1057 3029 nequit
1079 2970 1099 3013 a

81 3050 234 3109 supremo
256 3036 453 3111 imperante,
470 3037 588 3097 saltem
603 3036 674 3096 sine
691 3051 857 3096 consensu
871 3032 1098 3104 multitudinis,

81 3114 202 3175 scilicet
236 3116 371 3176 alterius
407 3116 562 3177 elementi
598 3116 738 3192 huiusce
780 3116 967 3186 societatis;
1007 3113 1101 3175 aliter

81 3193 258 3255 dicendum
296 3200 356 3267 est,
394 3196 421 3255 si
448 3201 605 3274 ageretur
626 3196 669 3256 de
691 3197 802 3271 aliqua
834 3192 1100 3272 perfectionem

82 3282 224 3353 organis
249 3291 311 3336 seu
324 3276 474 3352 partibus
488 3275 760 3346 accidentalibus
783 3273 1038 3335 introducenda.

392 3396 424 3447 II.
439 3396 478 3445 De
490 3399 616 3461 potestate
630 3394 782 3461 legislativa.

119 3500 187 3561 273.
209 3536 249 3545 -
272 3502 423 3564 Potestas
444 3502 627 3581 legislativa
649 3508 699 3563 est
719 3500 858 3563 facultas
888 3501 1105 3579 proponendi*

9 3579 14 3648 }¹
85 3579 274 3671 obligatorio
297 3582 396 3643 modo
420 3600 490 3660 quae
514 3583 557 3645 ad
578 3583 744 3647 societatis
764 3581 865 3642 linem
880 3588 956 3643 sunt
975 3598 1096 3643 neces·

10 3650 14 3717 i

10 3819 15 3897 t

13 3985 16 4051 t

85 3675 173 3721 Salia.
