2642 4250
454 257 558 300 araret
579 255 734 302 sauciatas.
1053 239 1109 302 199

75 398 391 460 331.-raas1stt.
416 400 574 473 supremi
584 401 782 475 imperantes
803 401 916 462 delent
935 400 1107 462 utilitatem

124 480 277 555 propria
289 479 392 552 pentis
406 482 600 553 anteponere
615 481 753 540 utilitati
763 483 866 556 pentt's
882 479 1006 540 atiena.

128 603 309 663 Probatur.
327 600 477 677 Supremi
490 602 692 678 imperantes
703 599 809 664 officio
825 607 980 664 tenentur
994 605 1105 666 arctis·
1154 645 1157 652 ·

80 681 178 745 simo
210 680 409 758 procurandi
435 681 561 740 bonum
582 683 759 754 societatis
790 684 842 742 cui
863 682 1103 758 praeficiuntur3

82 778 206 839 porr0,
223 761 251 822 si
264 761 438 822 utilitatem
450 761 588 837 proprie
610 763 719 839 gentis
734 761 957 840 negligerent,
973 767 1029 824 ant
1043 763 1105 840 ipsi

82 857 164 902 non
178 841 285 916 magis
306 840 533 918 prospicerent
557 856 656 917 quam
678 841 809 902 utilitati
833 842 982 913 aliarum,
1008 859 1105 904 suum

84 919 240 983 officium
256 919 449 981 desererent
471 935 510 979 ac
530 921 702 982 violarent.
726 923 810 1000 Ergo
832 923 978 999 supremi
998 923 1103 1000 impe·
1162 963 1163 968 κ

84 1006 209 1062 rantes
227 1001 369 1076 primum
395 999 526 1060 utilitati
545 1001 686 1077 propriae
709 1001 817 1079 gentis
843 1003 1015 1064 consulere
1043 1003 1105 1065 de-

85 1082 194 1154 beut3
220 1085 254 1140 et
267 1081 301 1140 in
320 1079 382 1142 hoc
401 1095 502 1140 sensu
523 1080 609 1140 valet
632 1081 760 1142 axioma
781 1083 932 1142 velerum
956 1101 965 1143 ε
990 1085 1105 1144 Patria

82 1165 229 1237 prostat
244 1160 400 1220 omnibns.

136 1242 208 1302 332.
232 1274 271 1284 -
293 1239 524 1300 corollarium.
537 1239 621 1316 Ergo
636 1238 717 1301 illud
733 1241 909 1306 intercedit
930 1239 1104 1302 discrimen

88 1319 183 1381 inter
204 1321 431 1397 magistratum
445 1318 614 1394 publicum
629 1324 661 1379 et
685 1335 863 1395 personam
890 1319 1103 1382 individuam.

90 1400 189 1476 quod
210 1400 283 1459 haec
305 1397 469 1459 commodi
492 1398 697 1474 particularis
714 1400 878 1473 jacturam
898 1400 1105 1462 laudabiliter

91 1477 208 1542 facere
230 1483 340 1555 potest
361 1478 394 1536 in
409 1477 583 1538 utilitatem
597 1479 746 1550 aliorum,
766 1478 844 1539 dum
865 1480 921 1542 iile
942 1480 1104 1540 societatis

91 1561 272 1620 utilitatem
286 1557 485 1635 posthabere
500 1558 615 1633 nequit
626 1557 696 1619 sine
713 1559 835 1635 proprii
849 1558 947 1621 officii
960 1559 1104 1620 violatio-

92 1656 140 1700 ne
157 1659 165 1699 :
183 1639 306 1701 etenim
327 1652 469 1714 persona
490 1637 615 1712 privata
635 1637 670 1698 in
685 1637 748 1699 hoc
764 1655 842 1700 casu
858 1637 899 1700 de
914 1655 950 1698 se
970 1639 1104 1716 suisque

92 1720 197 1780 rebus
233 1717 386 1794 disponit,
420 1716 499 1776 dum
532 1733 550 1777 e
580 1721 691 1778 contra
723 1735 865 1794 persona
896 1719 1028 1796 publica
1063 1718 1104 1780 da

92 1801 196 1860 rebus
220 1797 449 1858 communibus
470 1800 629 1857 statueret
645 1803 758 1859 contra
774 1800 886 1877 legem
907 1797 1103 1860 fundamen-

94 1880 196 1940 talem
216 1875 448 1939 associationis

96 2005 167 2066 333.
193 2035 233 2044 —
267 2002 373 2062 Taasrs
406 2001 455 2061 lll.
492 2005 607 2061 Omnes
628 2002 784 2076 nationes,
811 2003 874 2062 siue
895 2017 1018 2076 maana
1040 2003 1105 2062 noe

134 2099 257 2160 paruae,
272 2082 519 2158 equipararetur
540 2081 650 2157 quoad
657 2081 908 2157 jnraabsolnta.
929 2117 930 2120 =

136 2206 309 2268 Probatur.
346 2204 554 2281 lnaequalitas
588 2203 759 2264 nationum
788 2220 855 2265 non
889 2207 1004 2281 posset
1032 2202 1108 2262 oriri

97 2288 160 2349 nisi
188 2291 245 2347 aut
277 2288 306 2346 1⁰
330 2300 371 2344 ex
396 2299 435 2343 eo
459 2282 546 2360 quod
575 2289 664 2343 esset
690 2284 899 2360 inaequalitas
920 2284 954 2344 in
978 2282 1108 2363 juribus

97 2367 263 2427 sociorum
285 2365 554 2441 componentium
574 2364 681 2424 varias
703 2365 869 2436 nationem
895 2368 951 2423 aut
973 2364 1004 2421 2⁰
1024 2378 1110 2423 nova

16 2485 17 2488 =
94 2446 171 2525 jura
192 2449 409 2506 nascerentur
424 2458 464 2505 ex
477 2457 564 2505 nova
579 2444 867 2521 compaginatione
891 2440 1109 2521 quorumdam

98 2526 289 2597 hominum;
322 2528 380 2585 aut
409 2524 442 2583 3⁰
475 2521 732 2583 fundamentum
760 2524 888 2584 illarum
915 2523 1110 2582 societatum

100 2611 189 2668 esset
211 2604 392 2674 diversum;
418 2601 586 2664 diversitas
608 2603 696 2663 enim
711 2602 764 2663 illa
785 2605 819 2663 111
830 2602 959 2681 juribus
982 2601 1109 2663 absolu-

16 2737 17 2744 ,
100 2687 140 2747 tis
169 2701 238 2745 non
259 2687 368 2761 potest
391 2682 499 2743 venire
520 2683 582 2741 nisi
604 2698 645 2741 ex
668 2684 822 2759 qualitate
848 2682 1111 2743 consociaturum

16 2787 17 2790 ¹
100 2766 152 2827 vel
173 2781 215 2825 ex
235 2762 323 2825 facto
344 2764 447 2839 ipsius
471 2762 731 2823 consociationis.
763 2764 860 2839 Atqui
889 2762 1015 2821 nullum
1047 2760 1111 2823 dici

15 2849 17 2920 1
100 2849 236 2922 potest:
255 2847 283 2905 l⁰
305 2842 392 2903 omni
409 2858 450 2902 ex
471 2847 563 2920 parte
577 2842 750 2903 multitudo
773 2843 898 2903 constat
912 2841 1109 2913 hominibus,

16 2925 17 2965 ἒ
102 2925 156 3003 qui
191 2922 311 2985 eadem
345 2926 461 2983 natura
494 2921 680 2997 iisdemque
704 2922 834 3000 juribus
857 2919 1112 2982 individualibus

16 3023 17 3028 ¹
100 3005 272 3076 fruuntur3
304 3004 338 3063 2⁰
369 3002 477 3081 majus
502 3002 744 3061 incrementum
770 3017 830 3061 seu
852 3016 943 3061 nova
965 3000 1111 3061 accessio

15 3118 17 3164 t
102 3083 321 3163 quorumdam
350 3082 467 3143 civium
496 3081 586 3142 nulla
613 3081 690 3159 jura
712 3080 814 3151 addit,
839 3085 908 3140 tum
937 3083 1013 3157 quia
1036 3080 1112 3157 jura

101 3164 279 3233 societatis
308 3166 347 3222 ut
374 3163 432 3234 sic,
455 3177 523 3222 non
553 3162 690 3222 veniunt
712 3177 752 3221 ex
775 3160 983 3237 delegatione
1005 3176 1108 3219 mem-

100 3246 247 3311 brorum,
265 3248 334 3303 tum
356 3242 444 3318 quia,
468 3244 528 3303 etsi
541 3240 576 3301 id
590 3241 779 3309 haberetur,
795 3240 944 3301 homines
958 3242 1112 3301 recenter

103 3322 325 3402 compaginati
346 3324 464 3382 eximia
480 3320 629 3398 quaedam
650 3336 719 3381 non
740 3321 881 3381 afferunt
896 3321 972 3397 jura
992 3319 1111 3395 quibus

101 3404 227 3482 priores
251 3402 427 3463 consociati
442 3401 612 3472 carebant3
630 3402 661 3461 3⁴³
682 3399 934 3461 fundamentum
949 3400 1110 3476 cujusque

103 3484 268 3546 societatis
291 3480 454 3553 calidam,
478 3482 604 3542 scilicet
617 3484 735 3541 natura
755 3480 900 3539 humana
920 3479 1061 3550 socialis
1079 3482 1113 3538 et

99 3565 173 3641 jnra
195 3562 400 3643 majestatica
413 3576 474 3621 seu
488 3560 559 3637 ipsa
572 3564 719 3637 potestas
734 3560 866 3637 politica
880 3574 899 3619 a
913 3558 982 3621 Deo
998 3572 1111 3637 aequa-

80 3645 176 3710 liter
198 3657 358 3707 concessa
379 3640 514 3702 cuilibet
524 3642 684 3702 societati.
