2642 4250
899 261 1110 304 mmm
1153 257 1469 304 spncmms.
1891 231 1899 240 ⁸
2092 240 2204 300 lua

179 396 242 442 re
267 377 444 439 alteri
488 394 525 437 a
557 377 692 438 suis
735 375 1014 437 subditis
1045 375 1292 454 aliquid
1330 393 1415 437 ea:
1442 380 1664 435 mutuo
1698 375 2029 453 exigendi,
2064 392 2196 436 uon

182 457 427 537 quidem
452 459 521 516 vi
550 459 782 530 mutui,
815 455 936 518 sed
967 459 1032 518 vi
1057 460 1284 520 statuta·
1307 455 1421 535 (l);
1470 458 1537 516 50
1582 457 1858 517 conditio
1886 456 2192 530 poenfrffi's,

179 556 285 601 seu
309 542 572 614 pactum
606 553 735 613 quo
767 539 1206 597 mutuatarius
1235 553 1308 597 se
1340 534 1424 596 ad
1455 534 1700 613 aliquid
1724 534 2015 596 dandum
2045 540 2188 596 auls-

174 620 300 698 jicit
335 633 453 694 per
492 616 769 679 modum
810 631 1022 692 poenae
1052 616 1465 685 solvendum,
1513 617 1567 675 si
1599 620 1897 692 tempore
1927 616 2196 692 praefixo

180 703 402 760 sortem
429 713 566 758 non
592 696 832 758 reddat
878 717 891 756 :
939 695 1182 756 mulcta
1214 710 1349 756 non
1380 695 1663 772 exigitur
1703 700 1761 758 vi
1804 695 2037 768 mutui,
2072 700 2180 756 siu-l

183 784 428 856 propter
467 792 719 838 moram
753 777 1152 853 culpabilem
1180 775 1575 837 mutuatarii.
2052 808 2056 812 -

978 1039 1252 1101 SECTIO
1300 1040 1373 1100 11.

607 1192 741 1236 JUS
771 1191 1154 1236 PUBLICUM
1192 1192 1334 1236 SEU
1373 1191 1705 1236 SOCIALE.

253 1323 377 1387 197.
423 1357 498 1365 --
541 1322 840 1380 Diximus
880 1326 1076 1381 antea
1131 1318 1288 1399 (137)
1348 1319 1507 1397 quid
1546 1321 1625 1380 sit
1678 1323 1791 1400 jus
1832 1324 2188 1399 publicum,

184 1409 245 1466 ut
307 1402 573 1464 scientia
631 1400 930 1478 quaedam
987 1402 1275 1477 partialis
1347 1407 1702 1476 sumptum.
1779 1404 1929 1462 Haec
2018 1412 2188 1464 enim

189 1484 435 1546 scientia
477 1486 780 1541 versatur
811 1483 979 1542 circa
1000 1481 1154 1559 jura
1189 1485 1254 1541 et
1282 1478 1493 1540 officia
1521 1485 1869 1557 potestatis
1907 1486 2188 1559 publirfv.

191 1569 247 1625 et
309 1562 790 1623 communitatis
834 1560 918 1620 ad
958 1563 1262 1622 invicem.
1337 1561 1533 1621 Porro
1604 1564 2037 1624 recolendum
2096 1576 2192 1624 laet

187 1643 343 1722 quod
366 1646 511 1720 jura
557 1648 621 1702 et
664 1639 896 1712 officia,
930 1657 1175 1715 nempe
1210 1656 1287 1701 ea
1328 1643 1547 1701 omnia
1592 1657 1740 1717 quae
1782 1646 2041 1704 actione
2072 1664 2184 1704 sua

183 1725 352 1784 homo
395 1726 701 1796 praestare
747 1724 1010 1780 tenetur
1038 1723 1150 1780 aut
1187 1723 1454 1798 exigere
1486 1721 1568 1780 ab
1601 1722 1739 1782 aliis
1761 1723 1914 1800 Jure
1944 1730 2184 1800 pote-tl„

185 1821 253 1866 ex
313 1800 738 1862 relationibus
807 1799 1128 1876 pendent,
1194 1803 1431 1877 quibus
1496 1800 1861 1862 instruitur.
1912 1804 2188 1878 Quando

185 1881 481 1962 ejusmodi
523 1880 876 1940 relationes
927 1881 1266 1940 hominum
1304 1879 1808 1942 considerantur
1848 1884 1915 1943 in
1960 1884 2188 1946 ordino

182 1963 254 2025 ad
288 1961 480 2023 finem
523 1959 856 2032 socialem,
922 1959 1250 2037 objectum
1299 1963 1701 2021 constituunt
1742 1962 1904 2042 juris
1946 1966 2188 2040 puhl5=··i

183 2042 325 2122 (136)
378 2040 576 2101 latius
618 2043 882 2116 sumpti,
946 2055 1067 2099 seu
1114 2044 1310 2115 prout
1359 2040 1716 2116 opponitur
1757 2045 1890 2121 juri
1934 2045 2184 2120 prival,·„÷

182 2141 284 2185 seu
305 2119 703 2184 individuali.

250 2205 372 2265 198.
418 2236 495 2244 -
525 2200 685 2261 Cum
729 2198 924 2259 homo
971 2200 1053 2259 sit
1103 2199 1541 2260 essentialiter
1585 2217 1704 2261 ens
1747 2204 2012 2277 sociale,
2044 2205 2180 2265 fieri

180 2284 380 2361 nequit
406 2286 480 2342 ut
522 2297 658 2341 non
688 2280 1072 2357 subjiciatur
1101 2280 1429 2355 aliquibus
1462 2279 1690 2341 officiis
1722 2299 1881 2361 erga
1913 2285 2072 2345 alios
2124 2305 2184 2345 zur,

183 2381 298 2424 non
336 2362 750 2422 nanciscatur
778 2360 926 2437 Jura
978 2359 1282 2434 quaedam
1329 2361 1642 2438 exigendi
1684 2364 1765 2423 ab
1812 2364 1973 2424 aliiS.
2030 2367 2180 2425 lluil·

181 2443 354 2504 statui
395 2442 622 2502 sociali
663 2439 905 2517 singuli
950 2438 1252 2499 homines
1284 2456 1321 2499 a
1351 2449 1583 2501 natura
1612 2442 1754 2518 ipsa
1803 2442 2184 2505 ordinantur

180 2540 283 2600 per
336 2520 599 2598 aliquod
653 2518 1046 2597 principium
1116 2519 1552 2596 subjectivum
1624 2521 1803 2598 quod
1857 2526 2184 2585 z'nscz'nrlm:

179 2602 599 2664 sociabilitatis
627 2599 944 2677 appellari
985 2599 1174 2659 solet.

245 2685 376 2742 Jam
414 2697 571 2742 vero
615 2680 720 2739 hic
762 2678 1131 2752 instinctuS,
1189 2680 1299 2754 qui
1362 2693 1435 2739 se
1503 2678 1797 2756 dilatare,
1864 2689 2176 2760 quantum

180 2766 395 2840 potest,
427 2758 734 2830 intendit,
765 2758 1102 2818 hominem
1145 2756 1404 2817 ordinat
1450 2762 1506 2819 10
1535 2760 1619 2820 ad
1650 2763 2038 2823 societatem
2072 2765 2172 2821 zlo-

179 2845 497 2903 mesticam
542 2844 608 2900 et
659 2837 927 2915 quidem
997 2838 1315 2913 primitus,
1383 2843 1457 2898 ut
1509 2840 1909 2915 videbimus;
1951 2846 2033 2905 ·2⁰
2096 2845 2176 2905 w}

180 2925 540 2982 societatem
572 2919 825 2979 civilem
872 2932 1022 2993 quae
1066 2919 1242 2978 bona
1286 2923 1524 2993 sponte
1568 2927 1813 2983 naturae
1854 2929 2170 3000 appelan-

181 3001 252 3061 da
279 3001 490 3073 affert3
539 3000 603 3059 30
648 2998 732 3058 ad
775 2998 1158 3058 societatem
1197 2997 1597 3075 religiosam,
1647 3018 1777 3078 qua
1817 3004 2015 3064 homo
2064 3005 2164 3085 ju-

178 3085 344 3143 vatur
383 3079 469 3141 ad
525 3078 728 3139 finem
775 3077 1074 3137 ultimum
1131 3076 1603 3152 obtinendum;
1654 3080 1940 3160 denique
1990 3084 2052 3142 4⁰
2096 3089 2172 3145 :nl

178 3163 540 3222 societatem
568 3158 1164 3229 internationalem,
1212 3174 1410 3235 quam
1461 3158 1953 3237 designabimus
1999 3165 2168 3225 volus

177 3242 371 3319 primis
429 3238 649 3310 lineis3
722 3238 942 3313 itaque
1025 3238 1093 3296 in
1170 3244 1453 3314 quatuor
1507 3242 1812 3303 articulos
1882 3258 2176 3318 praesens..

181 3327 352 3398 caput
391 3320 770 3395 partiemur.
803 3318 894 3377 Ex
923 3320 1062 3394 ipsa
1094 3317 1502 3380 ordinatione
1538 3322 1901 3399 subjectiva
1947 3324 2171 3397 sinmi-v

177 3402 363 3461 lorum
384 3399 468 3459 ad
489 3398 683 3458 finem
708 3397 1043 3465 socialem,
1064 3403 1244 3457 recte
1267 3400 1671 3476 assurgimus
1693 3401 1778 3461 ad
1804 3397 2172 3465 definienda

180 3479 369 3542 officia
398 3484 465 3540 et
484 3479 638 3557 jura
668 3477 932 3538 socialia
975 3477 1298 3556 objective
1332 3484 1645 3554 spectata.

230 3640 290 3703 (1)
315 3635 444 3689 Vide
471 3632 742 3698 Taparelli,
772 3633 958 3699 Saggio
986 3637 1166 3684 teoret.
1195 3633 1249 3683 di
1273 3633 1453 3686 diritto
1479 3640 1591 3688 nat.
1629 3637 1665 3687 1.
1695 3652 1765 3701 ιν,
1795 3654 1847 3691 c.
1879 3641 1927 3702 4,
1958 3657 2007 3691 a.
2032 3641 2084 3689 4.
