2642 4250
435 247 538 288 s'rttics
561 248 732 292 essentne.
1056 229 1103 295 59'

72 360 158 441 312);
183 362 277 440 atqui
298 363 425 423 nullum
448 362 613 442 ejusmodi
634 365 783 426 medium
797 382 858 426 nos
874 367 1025 429 attollere
1039 385 1093 429 va·

71 443 119 502 let
139 441 186 502 ad
208 443 328 503 claram
359 442 420 503 Dei
452 441 622 516 visionem,
646 450 684 506 ut
715 461 776 522 per
806 462 843 506 se
875 452 976 522 patet.
1008 449 1093 527 Ergo

73 538 149 582 cum
163 523 322 584 naturalis
337 523 507 584 beatitudo
527 523 582 584 illa
603 523 644 585 sit
664 541 734 602 quae
756 526 902 587 consistit
920 529 954 588 in
974 544 1093 604 opera-

66 603 162 671 tione
177 604 329 673 naturali,
344 601 381 664 fit
394 606 432 663 ut
445 604 647 679 impossibile
663 606 705 664 sit
719 605 888 667 hominem
902 609 1095 669 naturaliter

74 680 115 742 ad
132 682 255 742 claram
270 683 330 743 Dei
343 683 505 744 visionem
519 685 625 744 evehi.

111 763 279 822 Probatur
299 766 440 824 secanda
457 779 550 838 pars.
568 765 637 824 llaec
658 763 828 825 beatitudo
853 763 954 825 debet
971 768 1095 828 consis-

75 845 145 902 tere
161 843 278 918 utique
289 843 323 902 in
340 847 416 902 actu
429 845 579 915 naturali,
599 843 658 904 sed
674 843 930 920 perfectissim03
948 845 982 908 id
1005 849 1094 907 enim

75 924 221 996 postulat
241 923 324 982 ratio
346 939 507 998 supreme
528 921 708 994 felicitatis3
733 925 824 1000 atqui
846 929 964 1000 praeter
980 929 1095 1004 cogni·
1167 942 1168 947 ’

74 1001 199 1060 tionem
231 1003 291 1061 Dei
321 1001 605 1079 perfectissimam,
639 1019 710 1079 qua
741 1019 803 1079 per
830 1002 942 1064 media
972 1013 1095 1067 nature

75 1080 324 1156 proportionata
344 1083 485 1144 obtineri
507 1087 627 1159 potest,
649 1083 759 1151 nullus
780 1083 863 1143 alius
884 1088 976 1144 actus
997 1091 1094 1147 natu·

75 1160 151 1220 ralis
178 1161 406 1238 cognoscendi
432 1165 610 1240 excogitari
635 1167 755 1238 potest.
783 1165 867 1242 Ergo
900 1166 1030 1226 nonnisi
1060 1168 1095 1226 in

75 1239 135 1299 hac
167 1243 355 1318 cognitione
388 1245 422 1302 et
447 1243 515 1302 aliis
549 1242 675 1303 actibus
707 1243 747 1302 ab
773 1244 828 1303 illa
859 1247 1092 1308 enascentibus

74 1321 190 1396 reponi
212 1327 329 1398 posset
349 1337 505 1399 suprema
524 1321 695 1383 beatitudo
717 1322 886 1383 naturalis.

78 1446 144 1505 lll.
168 1477 207 1486 —
234 1445 342 1506 Tussis
362 1446 399 1505 V.
422 1447 527 1506 Potest
550 1447 621 1520 qais
643 1447 770 1505 ratione
790 1445 948 1518 natarali,
971 1448 1097 1508 seclusa

112 1524 187 1598 fide,
204 1525 254 1585 sia
267 1528 374 1584 minas
395 1529 479 1585 certa
494 1541 693 1599 coacescere,
709 1527 824 1586 saitem
832 1527 1096 1602 probabilissime

115 1606 286 1679 conjicere,
309 1605 406 1678 qaod,
424 1621 489 1678 pro
509 1609 595 1664 stata
615 1605 740 1678 settara,
760 1606 855 1665 bomo
874 1608 984 1682 justas
1005 1623 1095 1667 sam-

114 1697 204 1743 mam
219 1685 450 1744 beatitudinem
463 1685 504 1745 sit
519 1690 755 1744 consecuturas.

114 1799 197 1857 Nata
225 1799 247 1857 1.
279 1798 336 1858 Hic
362 1800 472 1874 agitur
497 1797 538 1860 de
565 1795 770 1858 beatitudine
791 1803 889 1875 prout
909 1797 971 1860 fuit
992 1816 1094 1875 supc-

78 1876 142 1935 rius
175 1876 321 1949 definita,
353 1891 473 1952 nempe
507 1895 577 1955 quae
610 1883 676 1938 tres
706 1883 796 1938 actus
827 1879 967 1940 includit
997 1878 1092 1958 (107),

78 1959 154 2032 quin
178 1960 290 2017 tamen
313 1955 486 2017 definiatur
507 1974 549 2017 an
572 1960 728 2018 consistat
748 1958 781 2017 in
803 1957 1022 2020 mediatavel
1035 1960 1092 2020 im-

76 2035 218 2096 mediata
240 2038 299 2098 Dei
320 2039 445 2098 visione
468 2052 506 2096 ac
528 2038 753 2113 possessione.
1061 2046 1063 2049 ·

111 2117 197 2177 Nota
220 2116 256 2177 11.
291 2117 326 2176 ln
359 2116 441 2177 thesi
473 2115 613 2179 diximus
648 2138 655 2177 z
688 2116 803 2177 saitem
828 2118 1094 2193 probabilissime

75 2197 250 2272 conjicere,
275 2199 352 2274 quia
375 2196 416 2256 de
438 2198 501 2258 hac
522 2214 558 2257 re
580 2213 648 2257 non
670 2213 787 2257 omnes
809 2201 942 2259 omnino
967 2215 1090 2260 conve-

76 2276 179 2337 niunt.
424 2293 430 2304 ·

110 2356 285 2415 Probatur.
299 2355 410 2416 Potest
422 2355 503 2415 ratio
519 2356 676 2415 naturalis
691 2355 751 2415 Dei
767 2358 974 2418 existentiam
990 2358 1092 2417 etim·

74 2436 304 2495 mortalitatem
316 2438 524 2497 animaecerto
537 2436 765 2496 demonstrare
776 2435 826 2513 (ll,
841 2437 907 2509 140,
920 2438 989 2507 322,
1002 2436 1091 2515 etc.);

72 2520 232 2589 praterea
255 2518 457 2592 experientia
480 2521 513 2575 et
534 2532 652 2575 sensus
673 2516 823 2576 internus
839 2515 1045 2591 patefaciunt
1058 2518 1092 2577 in

75 2596 183 2655 anima
212 2595 389 2667 immortali
419 2595 596 2673 quemdam
628 2596 813 2655 naturalem
834 2597 877 2657 'et
908 2612 1091 2672 perennem

74 2676 258 2751 appetitum
279 2673 432 2750 perfectae
460 2674 688 2746 beatitudinis3
723 2678 773 2735 est
806 2676 894 2734 enim
923 2676 958 2734 in
985 2678 1093 2737 homi-

74 2769 113 2813 ne
130 2756 299 2831 appetitus
312 2760 442 2816 innatus
458 2761 491 2815 et
503 2755 709 2832 inexplebilis
725 2755 948 2833 cognoscendi
964 2773 1091 2829 verum,

76 2833 233 2913 diligendi
254 2834 380 2895 bonum
402 2837 435 2894 et
455 2833 586 2895 fruendi
607 2840 760 2911 utroque.
785 2833 851 2894 Sed
866 2852 908 2894 ex
921 2836 972 2897 his
987 2838 1092 2898 notio-

74 2916 181 2988 nibus,
205 2928 310 2991 prona
333 2923 383 2975 est
402 2914 503 2976 illatio
526 2914 568 2975 ad
581 2912 725 2974 futuram
740 2914 979 2976 beatitudinem
993 2932 1093 2994 quam

73 2995 182 3067 boma,
208 2999 284 3070 post
304 2994 388 3055 hanc
408 2997 517 3066 vitam,
543 2996 704 3071 consequi
720 2992 821 3054 debet
841 2993 891 3071 (11,
909 2993 993 3073 141);
1010 3011 1098 3056 nec-1

73 3090 141 3135 non
164 3074 329 3135 conclusio
354 3074 482 3135 diversa
505 3092 577 3133 cum
592 3074 760 3150 principiis
780 3074 877 3135 certis
898 3089 965 3136 non
987 3076 1093 3135 ambi-
1147 3121 1151 3127 .

73 3170 139 3231 gue
161 3158 300 3232 pugnat.
320 3155 405 3231 Ergo
422 3156 501 3215 ratio
522 3155 681 3215 naturalis
694 3152 838 3215 futuram
851 3154 1093 3216 beatitudinem

73 3233 214 3294 hominis
232 3233 315 3312 justi
337 3234 510 3295 ostendere
532 3235 630 3295 valet.

496 3362 529 3411 11.
543 3360 582 3411 De
597 3361 671 3425 Lege.

114 3481 183 3541 112.
208 3512 247 3521 -
269 3480 354 3550 Qaid
368 3484 396 3539 et
410 3479 590 3555 quotitpiea
605 3480 645 3538 sit
657 3479 742 3561 tea?
763 3479 859 3557 Legis
879 3479 1090 3554 vocabulum,

70 3559 164 3637 juxta
195 3562 346 3619 sanctum
374 3558 543 3631 Thomam‚
572 3560 663 3619 venit
692 3575 712 3619 a
736 3564 837 3619 verbo
869 3558 987 3637 ligare,
1016 3560 1092 3635 quia

74 3640 147 3719 lege
170 3640 383 3717 astringimur
402 3637 446 3698 ad
468 3640 577 3699 taliter
597 3629 779 3717 agendum!
803 3640 867 3699 Lex
889 3641 1000 3716 potest
1014 3654 1092 3700 con·
