2642 4250
247 249 304 314 192
549 272 728 317 nnnvrmrun
747 271 954 318 ennosorrnn

245 386 394 460 systema
424 384 626 446 constituunt
641 383 732 462 quod
755 385 839 447 circa
853 386 1051 462 Episcopum
1080 386 1248 450 revolvitur

246 466 404 541 tanquam
430 465 514 523 circa
535 480 633 525 suum
662 471 831 525 centrum:
852 489 864 518 ι
886 467 978 526 Extra
1003 469 1160 527 unitatem
1183 471 1248 544 epi·

245 543 338 619 scopi
358 543 447 603 nulla
467 544 554 604 salus
572 544 660 622 (1)».
679 544 827 606 seduna
846 550 897 605 est
912 547 1064 606 dioecesis
1079 548 1247 620 particula-

244 624 300 696 ris,
317 636 439 698 nempe
454 621 600 684 Romana
615 624 772 696 Ecclesia,
784 641 855 703 quae
867 625 1057 686 immediate
1071 627 1248 703 gubernata

246 703 287 762 ab
308 703 468 779 Episcopo
497 703 647 772 Maximo,
679 708 730 764 est
755 711 905 765 centrum
934 707 1033 766 totius
1066 710 1247 784 systematis

244 783 422 860 generalis.
447 784 485 842 Et
500 789 681 862 systemata
696 785 904 860 particularia
929 790 1066 846 eatenus
1087 789 1248 861 pertinent

246 863 288 921 ad
302 863 409 938 ipsam
432 863 611 924 Ecclesiam
635 864 867 937 universalem,
894 871 1057 943 qnatenus
1083 866 1169 924 circa
1190 867 1246 926 hoc

245 947 397 1002 centrum
410 945 568 1020 generale
590 945 817 1020 revolvuntur3
845 951 1025 1022 systemata
1046 945 1245 1023 particularia

245 1036 321 1099 quae
335 1023 419 1082 hanc
440 1023 635 1084 relationem
650 1025 897 1101 abrumperent,
912 1031 1124 1086 remanerent
1143 1024 1244 1086 sidera

212 1176 217 1186 ἱ
245 1104 386 1162 errantia
409 1103 442 1161 in
457 1118 572 1171 vacuo,
591 1104 709 1182 quibus
732 1105 840 1165 nullus
857 1107 1045 1165 remaneret
1060 1103 1167 1182 ordo(
1188 1103 1207 1182 ).

176 1242 178 1247 .
284 1185 353 1242 322.
379 1216 416 1224 —
430 1183 476 1242 Ex
492 1183 584 1244 dictis
600 1187 740 1244 resultat
754 1185 952 1262 Episcopum
973 1186 1006 1244 in
1030 1199 1090 1244 sua
1115 1183 1244 1246 dioecesi

243 1268 441 1337 potestatem
462 1263 586 1323 habere
602 1264 817 1339 legislativum
833 1268 866 1323 et
880 1267 1091 1333 eeecntivem,
1114 1261 1174 1324 sed
1189 1264 1241 1324 de·

243 1341 447 1418 pendentem
462 1347 495 1403 et
508 1359 669 1418 supremae
686 1344 872 1403 obnoxiam.
897 1347 965 1403 ilaec
981 1349 1137 1420 potestas,
1154 1359 1242 1406 secus

242 1438 281 1480 ac
295 1423 455 1498 superior,
472 1423 700 1484 infallibilitate
719 1427 753 1484 in
775 1422 840 1483 fide
857 1427 890 1483 et
911 1423 1192 1484 indefectibilitate
1212 1426 1241 1484 in

243 1501 399 1562 charitate
424 1517 491 1563 non
513 1503 641 1574 fruitur,
672 1501 759 1580 quod
787 1503 928 1580 probant
953 1503 1108 1579 theologi,
1133 1504 1240 1580 etjam

242 1583 359 1642 rationi
384 1583 522 1642 naturali
544 1585 610 1642 istm
626 1583 720 1644 dotes
742 1582 903 1653 videntur,
919 1583 962 1642 ad
977 1583 1096 1653 minus,
1120 1583 1240 1643 inutiles

243 1665 276 1720 et
291 1660 476 1738 superflua,
490 1677 564 1721 cum
579 1661 718 1723 sufficiat
733 1663 906 1723 auctoritas
920 1662 1096 1724 infallibilis
1113 1671 1144 1721 et
1157 1663 1238 1724 inde-

240 1740 394 1803 fectibilis
409 1743 544 1802 Romani
558 1741 732 1804 Pontificis.
757 1745 798 1802 At
813 1744 839 1802 si
854 1759 873 1801 a
894 1744 969 1820 iege
995 1741 1238 1814 communionis

240 1828 277 1881 ut
291 1821 443 1896 superius
459 1820 611 1893 diximus,
634 1822 809 1883 recederet
829 1825 946 1900 praesul
969 1822 1108 1898 alicujus
1123 1822 1240 1883 dioece-

240 1901 285 1961 sis
298 1917 366 1962 non
389 1906 478 1961 esset
489 1903 628 1977 amplius
644 1904 818 1979 episcopus
834 1902 1012 1963 catholicus
1027 1899 1080 1980 (3).

223 2004 224 2009 ¹
280 1983 350 2041 Haec
371 1981 509 2042 innuere
525 1980 663 2042 sufficiat
686 2001 692 2041 :
717 1989 832 2042 natura
849 1985 935 2042 enirn
951 1979 1122 2058 potestatis
1138 1981 1240 2041 eccle·

238 2061 379 2131 siasticae
394 2061 472 2121 inde
488 2059 688 2125 sufficienter
704 2062 921 2140 cognoscitur,
946 2065 979 2122 et
993 2059 1157 2122 societatis
1170 2061 1239 2120 reli·

237 2146 337 2220 glosas
360 2142 489 2202 indoles
510 2145 560 2201 sat
582 2141 822 2211 manifestatur,
846 2148 883 2203 ut
905 2147 1016 2203 nostra
1038 2140 1187 2201 tractatio
1203 2139 1240 2200 de

237 2224 396 2282 societate
428 2223 581 2301 religiosa
603 2222 645 2282 sit
673 2224 848 2298 compieta.
881 2223 945 2282 Etsi
975 2220 1152 2297 disputatio
1181 2220 1241 2281 hac

236 2306 350 2362 nostra
371 2301 495 2362 ambitu
518 2302 603 2380 juris
624 2302 781 2363 naturalis
805 2303 965 2363 contineri
979 2301 1113 2373 debeat,
1136 2304 1243 2360 tamen

237 2397 313 2442 oum
339 2384 377 2442 de
397 2381 485 2455 fecto
506 2387 540 2441 et
554 2398 596 2441 eae
616 2383 759 2457 positive
783 2383 845 2442 Dei
863 2382 1067 2456 dispositione
1090 2377 1181 2440 nulla
1206 2380 1244 2441 sit

237 2464 379 2522 societas
404 2461 560 2540 religiosa
581 2476 675 2521 mere
703 2461 871 2533 naturalis
900 2465 938 2521 ut
960 2461 1032 2539 jam
1059 2457 1243 2520 monuimus

234 2538 1242 2619 (315),aliquameJusmodisocietatemabstractionibusmen·

236 2623 278 2682 tis
310 2619 451 2681 conflare
475 2636 542 2681 non
574 2619 790 2697 expediebat3
823 2620 883 2681 sed
904 2638 985 2693 rem,
1019 2623 1117 2695 prout
1138 2624 1190 2679 est
1211 2622 1243 2678 in

235 2718 285 2772 se,
296 2698 420 2761 referre
436 2700 622 2777 oportebat,
639 2702 735 2779 cujus
750 2702 959 2762 institutionis
974 2697 1242 2777 perfectissimam

232 2782 499 2842 convenientiam
522 2782 632 2859 palam
653 2778 765 2841 facere
787 2796 855 2843 non
875 2782 932 2840 abs
952 2798 988 2841 re
1012 2784 1093 2841 erat.
1116 2778 1240 2839 Deinde

232 2875 275 2923 ex
302 2860 406 2921 altera
434 2865 527 2937 parte
559 2861 593 2919 in
621 2865 761 2921 tractatu
784 2861 825 2922 de
858 2860 970 2920 Ethica
996 2858 1145 2921 rationali
1175 2874 1239 2919 non

159 3015 162 3019 .
230 2944 352 3019 potest,
375 2942 494 3002 nostris
515 2942 695 3017 presertim
717 2940 932 3017 temporibus,
956 2940 1160 3016 pretermiiti
1174 2937 1236 2997 dis-

230 3019 355 3097 putatio
380 3020 421 3082 de
443 3022 602 3082 societate
623 3020 790 3097 religiosa.
815 3022 930 3096 ltaque
951 3021 1112 3081 hactenus
1126 3033 1236 3079 recen·

230 3104 292 3163 sita
306 3097 350 3159 ad
371 3101 557 3178 pleniorem
581 3101 808 3160 tractationem
828 3100 913 3179 Juris
929 3100 1057 3163 socialis
1078 3103 1235 3178 spectant.

230 3181 367 3256 Reliqua
390 3196 468 3242 vero
491 3177 533 3239 ad
560 3183 709 3239 nostram
739 3179 944 3259 disciplinam
972 3196 1040 3241 non
1063 3178 1236 3255 pertinent,

229 3261 291 3323 sed
314 3260 355 3321 ad
378 3260 579 3337 theologiam
610 3263 645 3318 et
675 3256 717 3318 ad
742 3260 798 3338 jus
827 3259 1032 3331 canonicum,
1064 3274 1136 3335 que
1162 3258 1238 3317 alias

227 3341 392 3419 principia
406 3340 575 3416 praesentis
591 3337 826 3415 disquisitionis
840 3342 922 3401 circa
931 3341 1127 3401 societatem.
1137 3339 1237 3399 eccle·

229 3421 395 3483 siasticam
408 3419 504 3481 nobis
519 3416 782 3495 suppeditarunt.

258 3549 292 3614 (1)
308 3530 423 3614 scypn
438 3549 489 3613 np.
506 3547 546 3597 52.

259 3638 294 3701 (2)
311 3638 372 3687 inst.
381 3636 450 3716 juris
462 3650 518 3686 cau.
529 3634 558 3685 in
571 3634 633 3689 coll.
650 3636 679 3689 S.
693 3634 779 3703 Apoll.

258 3726 294 3787 (3)
309 3725 387 3777 Clem.
403 3726 543 3790 Schrader,
557 3724 589 3776 de
603 3724 701 3778 unitate
714 3727 790 3779 Rom.
805 3726 833 3779 C.
850 3726 874 3777 ,3
