2642 4250
183 294 247 355 248
499 312 678 356 nnnvnmun
699 310 897 357 nninosonma

221 429 335 482 Tnnsls
349 427 392 481 lii.
409 425 550 481 Libertas
571 425 750 495 formaliter
765 427 793 479 rt
805 425 991 480 immediate
1002 423 1120 479 residet

187 498 225 551 in
246 497 419 552 uoluntate.
437 499 558 552 -Nam
574 512 610 552 ex
629 500 697 551 actu
714 498 877 552 voluntatis
901 497 1052 563 colligitur
1071 496 1120 551 in·
1172 533 1175 540 -

190 567 360 625 differentia
375 568 503 623 hominis
517 567 554 621 ad
568 568 715 636 agendum
731 569 778 622 vel
794 572 853 623 u'on
868 567 1024 636 agendum.
1097 605 1100 612 .

225 638 448 765 θοῖιίξίἃνίιιπι.
463 638 633 694 Intellectus
648 642 694 694 est
713 638 798 694 radix
812 643 842 694 et
857 639 995 694 voluntas
1010 637 1121 709 subjec-

190 714 257 766 tum
283 711 290 764 i
312 711 424 766 artatis.

383 842 425 891 II.
439 843 480 891 De
493 843 640 906 efficientia
653 842 764 896 illorum
776 843 985 906 principiorum.

227 960 349 1012 Transis.
364 957 416 1013 Ad
429 959 536 1012 actum
553 954 690 1020 liberum
705 958 882 1014 intellectas
893 957 1033 1028 effective
1051 971 1120 1012 non

193 1030 369 1087 concurrit.
393 1057 428 1070 -
451 1031 493 1084 Ex
516 1032 621 1084 natura
640 1031 686 1083 rei
708 1032 826 1086 constat
848 1031 926 1086 bunc
946 1044 1005 1084 uon
1031 1031 1119 1100 posse

193 1100 330 1154 effective
354 1098 391 1153 ad
414 1099 498 1154 illum
521 1114 700 1156 concurrere
718 1104 769 1156 aut
786 1115 841 1172 per
855 1117 887 1156 se
900 1103 951 1157 aut
965 1113 1020 1171 per
1034 1113 1119 1155 suam

193 1171 434 1225 intellectionem.

226 1239 406 1298 Scholium.
424 1242 534 1297 Tamen
552 1241 697 1297 directive
711 1243 863 1298 concurrit
877 1242 1056 1300 intellectae.

187 1373 190 1379 ,
226 1311 414 1383 Quotuplici
431 1313 524 1367 modo
541 1313 745 1383 principium
760 1312 892 1382 formale
916 1319 1005 1370 actus
1028 1311 1119 1368 liberi

191 1383 230 1438 in
254 1399 327 1456 snas
352 1387 499 1453 proprias
513 1385 714 1453 operationes
729 1386 946 1454 erurnpatt-
960 1385 1016 1441 Alii
1035 1386 1119 1442 actus

189 1454 356 1509 voluntatis
370 1457 440 1509 suut
454 1455 532 1510 circa
546 1453 646 1525 finem,
663 1459 697 1511 ut
707 1455 819 1527 voliti0,
831 1457 958 1512 intentio
968 1458 998 1511 et
1009 1455 1120 1521 fruitio,

190 1526 241 1579 alii
256 1526 335 1580 circa
345 1526 451 1594 media,
468 1528 502 1580 ut
515 1524 632 1597 electtn,
644 1541 817 1594 consensus
826 1526 984 1598 imperium
996 1530 1026 1582 et
1036 1540 1117 1581 usus.

191 1599 234 1651 De
248 1597 294 1652 his
308 1596 420 1652 actibus
435 1596 617 1666 singillatim.

486 1731 542 1780 ΙΙΙ.
563 1730 632 1784 Quia
645 1731 774 1795 impediat
788 1731 922 1780 liberum?

228 1857 398 1912 Necessitas
425 1855 569 1911 dividitur
602 1858 631 1912 1⁰
659 1858 689 1911 in
717 1856 923 1913 necessitatem
938 1856 1069 1912 exercitii
1090 1859 1121 1912 et

194 1926 431 2000 specificationis,
448 1931 478 1982 2⁰
493 1927 524 1981 in
547 1927 771 1984 antecedentem
794 1931 823 1983 ct
837 1930 1076 1997 consequentem,
1089 1927 1119 1982 3ο

193 2002 226 2055 iu
249 1998 403 2070 physicam
421 2001 453 2053 et
467 1999 619 2052 moralem.
1174 1993 1214 2051 24
1319 2014 1320 2050 l

230 2072 341 2126 'lanais
356 2072 376 2125 l.
392 2069 539 2125 Essentta
555 2067 648 2125 libert
663 2069 789 2126 arbitrii
804 2069 949 2127 consistit
964 2069 1001 2126 in
1016 2067 1120 2137 indit-

195 2142 335 2213 serentia
352 2141 466 2209 activa,
487 2143 516 2194 et
531 2140 670 2196 excludit
694 2157 762 2197 non
784 2141 887 2198 solnm
912 2142 1119 2203 coactionem,

191 2213 251 2267 ¹scol
266 2214 362 2267 etiam
378 2212 595 2267 necessitatem
611 2212 801 2281 sinrplicem.
818 2216 935 2268 -Nam
945 2217 1024 2269 esset
1038 2228 1074 2267 ex
1089 2225 1123 2267 se

195 2283 456 2338 indeterminatum
480 2286 511 2337 et
533 2282 594 2339 frui
610 2284 807 2340 indifferentia
831 2285 928 2339 activa
955 2288 1002 2339 est
1029 2296 1122 2339 unum

126 2386 128 2389 -
191 2354 315 2425 quidet
334 2354 419 2409 idem.
1174 2354 1215 2407 va

228 2428 337 2480 'tunsis
352 2427 382 2479 ll.
400 2424 452 2480 Ad
473 2424 628 2479 rationem
644 2424 754 2479 meriti
774 2424 822 2479 ciel
841 2425 990 2481 demeriti
1010 2425 1121 2495 reqrri·

194 2495 284 2550 ritur
300 2495 425 2551 libertas
440 2495 678 2564 indifferentiae.
694 2525 729 2537 -
748 2497 821 2563 Quia
843 2496 907 2551 sine
929 2497 984 2552 hac
1002 2496 1122 2551 inditia

192 2567 293 2622 rentia
316 2569 401 2621 actus
424 2569 452 2623 1ο
468 2582 527 2622 uon
542 2580 649 2623 revera
663 2566 749 2623 fieret
764 2582 780 2622 a
795 2570 928 2622 merente
942 2568 972 2623 in
987 2582 1125 2623 commo·

193 2638 268 2693 dum
283 2637 348 2707 eJus
362 2637 410 2692 cui
424 2641 567 2708 meretur,
582 2642 613 2693 2⁰
628 2652 682 2693 nec
696 2642 776 2693 esset
789 2638 920 2695 moralis.
1121 2658 1122 2663 ¹
1173 2638 1214 2693 25

232 2707 412 2765 Scholinm.
428 2710 566 2765 Meritum
581 2719 639 2765 non
655 2712 702 2765 est
716 2708 793 2765 idem
808 2724 842 2764 ac
856 2708 1018 2767 moralitas,
1175 2708 1216 2763 25

576 2852 821 2913 ARTIGULUSJI.

596 3005 632 3059 lle
647 3005 797 3059 habitibus.

450 3132 468 3194 ἓ
482 3131 503 3183 1.
524 3131 565 3184 De
580 3128 729 3185 habitibus
744 3129 773 3185 iu
789 3143 908 3199 genere.

229 3254 355 3310 Habitus
380 3256 451 3310 sunt
468 3255 611 3325 principia
627 3255 756 3310 elicitiva
776 3257 895 3310 actuum
913 3256 1122 3310 humanorum.

192 3326 366 3394 subjectum
380 3329 529 3381 remotum
543 3326 698 3382 habituum
716 3327 893 3396 (moralium)
914 3330 961 3393 est
979 3325 1076 3391 homo,
1092 3326 1124 3382 et

190 3397 374 3468 proximum,
389 3396 538 3452 voluntas,
1176 3396 1215 3451 26

228 3470 338 3522 'lanas
353 3470 373 3523 Ι.
389 3467 538 3523 Actiones
557 3470 752 3523 concurrunt
772 3467 913 3537 effective
931 3467 972 3523 ad
986 3464 1127 3536 produc-v

194 3538 318 3593 tionem
334 3536 470 3593 babitus.
481 3567 516 3579 -
530 3539 653 3594 Habitus
668 3554 727 3595 non
741 3541 788 3595 cst
802 3540 968 3595 immediate
982 3553 999 3593 a
1013 3538 1123 3608 poten-

194 3608 329 3733 tiadfflasae
342 3612 389 3665 est
401 3610 573 3666 indifferens
589 3628 596 3663 ε
613 3624 686 3680 ergo
700 3614 836 3666 remanet
857 3614 891 3667 ut
911 3609 1068 3681 proveniat
1082 3608 1120 3665 ab
1173 3678 1213 3735 27
