2642 4250
453 300 559 344 araim
578 297 736 378 senarius.
1053 280 1113 342 203

96 427 220 490 nempe
240 411 275 472 in
296 411 447 472 absoluta
469 414 503 472 et
516 414 680 488 perpetua
707 411 902 489 impotentia
923 413 1113 472 versaretur

95 489 518 635 dlissfftflfcffgrlelffiradduoendi
532 491 773 568 stipulationes,
796 489 907 552 ioedus
921 489 1114 568 simpliciter

139 653 208 714 342.
224 685 264 695 -
300 650 349 712 ΙΙΙ.
375 651 572 727 Legationes.
601 649 739 711 Foedera
760 651 946 728 generatim
973 663 1041 710 non
1069 649 1110 710 ab
1201 653 1202 660 ’

96 731 178 810 ipsis
206 731 404 809 principibus
434 728 624 790 immediate
656 730 812 792 ineuntur
842 750 849 791 :
885 729 950 790 imo
972 728 1006 789 in
1027 732 1114 790 statu

96 812 308 892 polyarchicc
336 810 369 872 id
399 809 486 870 foret
515 809 730 885 impossibile.
761 808 841 871 Inde
873 811 1052 871 necessitas
1080 813 1113 870 et

99 889 243 954 officium
263 890 447 966 legatarum
468 889 538 950 sive
560 894 741 962 oratorum,
763 891 817 951 vel
837 889 1113 950 tateraaaat‘oraat

99 975 243 1052 emergit
266 991 273 1031 :
296 969 377 1031 illud
391 985 512 1030 munus
532 971 567 1030 in
582 985 622 1030 eo
640 970 788 1032 consistit
809 970 1008 1047 utlagatus,
1031 981 1112 1047 gen-

99 1050 142 1112 tis
172 1051 306 1114 nomine
335 1066 374 1110 ac
404 1047 573 1120 mandato,
606 1054 698 1109 extra
726 1049 925 1110 territorium
956 1052 990 1108 et
1022 1045 1113 1124 apud

99 1136 250 1192 exteram
270 1134 406 1209 gentem
426 1131 560 1206 negotia
577 1145 643 1189 sue
658 1131 767 1207 gentis
792 1133 921 1202 tractet,
939 1128 1011 1206 ejus
1026 1143 1111 1188 oom-

101 1210 210 1272 modis
237 1209 374 1288 publicis
402 1209 566 1281 consulat3
596 1207 676 1268 dum
702 1208 871 1286 quidpiam
900 1222 970 1268 suae
1000 1207 1111 1286 gentis

98 1293 233 1353 nomine
256 1307 291 1351 ac
304 1288 461 1350 mandato
476 1289 555 1367 agit,
581 1291 751 1349 nationem
778 1305 872 1350 suam
886 1290 1110 1364 repraesentat,

98 1386 162 1432 seu
182 1371 283 1432 hahet
302 1371 525 1431 characterem
539 1371 838 1443 representantem,
855 1368 911 1446 qui
928 1371 1056 1428 constat
1070 1382 1112 1427 ex

99 1450 219 1512 litteris
242 1448 500 1511 aeaeattattaas.
839 1517 840 1520 Ἴ

139 1530 320 1604 Qualitates
347 1531 381 1588 et
408 1525 512 1589 officia
537 1526 724 1605 legatorum
748 1542 789 1588 ex
821 1531 936 1586 natura
965 1522 1112 1586 mandati

99 1607 301 1670 sufficienter
340 1608 562 1669 innotescunt.
599 1604 717 1680 Quoad
750 1607 838 1686 jura,
880 1603 1016 1666 evidens
1061 1609 1113 1664 est

102 1691 133 1750 l⁰
149 1689 207 1767 jus
227 1687 431 1767 legationum
452 1687 492 1747 ab
514 1685 585 1763 ipsa
607 1690 723 1746 natura
740 1686 894 1747 tributum
910 1682 1011 1745 fuisse
1026 1698 1109 1762 gen-

101 1769 198 1842 tibus,
222 1766 385 1846 siquidem
408 1765 533 1828 debent
554 1767 640 1825 inter
658 1782 694 1827 se
718 1767 976 1838 communicare;
1000 1765 1033 1825 2⁰
1055 1764 1112 1842 jus

99 1847 252 1910 mittendi
266 1849 395 1926 legatos
408 1847 447 1908 iis
463 1851 590 1906 tantum
604 1853 794 1922 competere
809 1859 914 1923 penes
930 1859 1012 1920 quos
1033 1844 1112 1903 resi-

101 1926 159 1990 det
167 1944 322 2004 suprema
337 1930 484 2004 poteslas
498 1924 581 2004 (310)
594 1927 637 1998 33⁰
646 1926 831 1986 libertatem
844 1929 877 1986 et
887 1923 1112 1986 inviolabilita-

104 2011 168 2068 tem
181 2009 300 2086 legatis
314 2011 499 2083 competere
511 2005 540 2064 vi
554 2006 714 2076 muneris,
726 2021 822 2066 secus
829 2005 885 2084 jus
899 2006 1008 2079 ipsum
1017 2003 1113 2082 lega-

100 2089 197 2150 tionis
213 2087 450 2158 destrueretur,
464 2095 496 2147 et
507 2083 691 2161 exindeJ'us
703 2086 851 2147 naturale
862 2083 960 2146 unius
970 2081 1112 2144 nationis

98 2165 366 2230 communicandi
381 2183 455 2228 cum
470 2167 572 2226 altera
589 2166 771 2227 laederetur.
801 2164 880 2227 inde
898 2163 1112 2241 consequitur

99 2248 228 2327 legatos
245 2246 466 2327 jurisdictioni
481 2246 602 2323 gentis,
627 2244 785 2324 adquam
807 2246 988 2318 mittuntur,
1008 2242 1104 2303 mini-

98 2343 153 2388 me
182 2328 314 2406 suhjici3
342 2330 565 2404 praeterquam
595 2323 687 2403 quod
708 2328 950 2404 repraesentant
975 2327 1112 2401 gentem

98 2423 170 2484 quae
183 2408 277 2468 alteri
291 2423 358 2468 non
373 2412 425 2466 est
438 2404 591 2466 obnoxia.

135 2486 208 2547 Non
222 2485 301 2549 inde
324 2492 434 2547 tamen
449 2485 599 2563 sequitur
621 2484 770 2562 legatum
786 2482 841 2558 qui
856 2482 980 2542 crimen
995 2478 1110 2541 admit-

99 2570 184 2627 teret
209 2573 321 2629 contra
350 2571 486 2645 gentem
522 2563 611 2642 apud
646 2578 747 2640 quam
783 2561 885 2639 degit,
915 2576 981 2621 non
1012 2574 1110 2637 posse

97 2645 231 2725 reprimi
247 2653 280 2708 et
296 2652 386 2707 extra
408 2646 572 2707 civitatem
588 2644 661 2720 eiici
679 2662 685 2701 :
702 2642 981 2703 inviolabilitatem
995 2640 1110 2717 utique

98 2726 161 2787 sibi
180 2725 324 2787 vindicat
344 2728 471 2799 ratione
493 2724 651 2794 muneris,
669 2739 734 2799 quo
754 2727 863 2782 tamen
885 2721 974 2783 abuti
995 2720 1111 2796 nequit

97 2804 221 2883 aliquid
245 2810 278 2866 in
309 2804 489 2882 perniciem
510 2807 619 2883 gentis
644 2805 696 2863 cui
716 2804 958 2869 immitteretur,
982 2799 1108 2861 occulte

97 2886 149 2945 vel
177 2886 310 2961 publice
341 2884 520 2945 moliendo.
551 2886 607 2944 Jus
629 2882 805 2961 legationis
827 2883 999 2943 evidenter
1024 2878 1112 2941 cedit

93 2964 158 3043 juri
173 2964 341 3027 societatis
362 2963 584 3041 prospiciendi
599 2962 737 3039 proprie
752 2962 847 3021 saluti
865 2980 872 3019 z
889 2964 983 3022 caute
999 2963 1111 3019 tamen

97 3048 210 3105 contra
240 3045 399 3126 legatum,
436 3042 625 3104 insidiarum
660 3042 695 3101 in
725 3050 864 3120 gentem
890 3039 979 3117 apud
1012 3053 1113 3115 quam

95 3128 253 3192 moratur,
277 3141 383 3193 reum,
411 3122 547 3199 procedi
570 3138 711 3184 necesse
734 3128 799 3192 est;
830 3121 895 3183 imo
920 3118 1053 3195 expedit
1074 3121 1112 3177 ut

94 3218 206 3280 poena,
230 3208 320 3264 aula
340 3204 471 3281 proprio
499 3203 643 3280 principe
669 3200 768 3278 hujus
791 3202 891 3279 legali
914 3200 1108 3277 applicetur,

97 3288 153 3423 ὲιῂιιι
176 3287 325 3362 egentis
350 3283 432 3343 laesae
454 3284 615 3345 territorio
638 3283 826 3359 pulsionem
850 3296 917 3341 non
943 3280 1107 3357 ultragre·

122 3363 217 3424 atur.

95 3483 156 3547 511.
174 3509 209 3521 -
228 3482 269 3535 De
283 3480 395 3535 mutuis
409 3480 563 3536 nationum
578 3456 699 3549 juribus
714 3484 745 3533 et
760 3476 863 3533 officiis
878 3480 1013 3546 tempore
1028 3472 1106 3530 belli.

128 3593 199 3655 343.
229 3626 268 3636 -
297 3592 454 3655 Ordinem
480 3593 637 3655 socialem
669 3609 734 3671 quo
766 3591 884 3653 fruitur
914 3606 980 3653 una
1009 3605 1106 3667 gens,

95 3672 196 3735 altera
219 3674 351 3735 turbare
377 3677 497 3750 potest,
527 3672 651 3751 aliquid
682 3672 848 3734 moliendo
877 3677 990 3734 contra
1021 3670 1106 3731 bona
