2642 4250
224 247 280 308 186
525 265 707 309 1111111111111
729 263 929 308 barcusorum

220 377 359 456 proinde
379 379 449 439 sine
469 383 617 454 peccato.
638 381 728 440 Tunc
748 380 871 440 bonum
891 381 1058 456 publicum
1078 383 1179 457 poscit
1195 390 1229 444 ut

219 475 395 534 supremus
406 459 513 536 Judex
527 459 771 520 ecclesiasticus
786 461 876 521 tollat
890 459 970 521 illud
984 467 1127 536 pactum,
1145 462 1229 537 quod

220 537 445 600 difficultatem
472 538 567 599 affert
596 542 820 602 consecutioni
849 538 922 600 finis
952 541 1035 601 illius
1064 539 1106 599 ad
1135 557 1227 617 quem

218 632 359 694 pronum
369 619 432 679 iter
445 619 513 679 suis
524 619 659 680 subditis
675 633 864 696 praeparare
880 619 991 680 debet.
1008 621 1094 694 Quas
1106 619 1145 680 ob
1159 637 1226 680 cau-

218 714 272 759 sas
287 705 461 774 supremus
477 706 584 759 rector
598 699 751 760 Ecclesia
766 699 957 760 rescindere
969 704 1079 776 potest
1090 703 1122 760 et
1133 699 1228 761 debet

217 777 300 838 illud
315 776 562 839 concordatum.

256 857 415 918 Praeterea
438 859 472 918 in
494 858 557 918 illis
581 853 770 935 privilegiis,
790 859 934 919 Ecclesia
954 858 1056 918 habet
1069 860 1223 921 rationem

216 938 385 1016 principis,
402 941 543 1000 societas
558 936 658 997 civilis
674 953 821 1014 personae
835 937 971 998 subditae
986 937 996 1016 (
1001 937 1040 1013 1).

256 1019 392 1089 Tamen,
413 1022 548 1094 propter
565 1014 757 1077 fidelitatem
772 1019 976 1093 promissam,
994 1019 1092 1079 decet
1105 1021 1142 1078 111
1155 1035 1222 1079 mu-

217 1101 273 1156 tuo
290 1097 551 1157 contrahentium
567 1112 732 1158 consensu
746 1114 813 1157 rem
831 1111 1030 1174 componere
1046 1102 1148 1158 curet.
1164 1099 1224 1159 Sed

215 1177 242 1234 si
258 1183 398 1252 emptum
412 1179 509 1237 inane
526 1175 655 1245 evadat,
672 1183 781 1254 potest
794 1175 943 1238 Pontifex
964 1194 1004 1237 ex
1024 1177 1224 1254 plenitudine

216 1257 385 1329 potestatis
419 1271 489 1316 suae
518 1255 717 1316 sententiam
748 1255 995 1317 declaratoriam
1025 1257 1225 1320 rescissionis

158 1363 162 1368 -
215 1333 302 1396 ferre
324 1336 381 1396 :in
401 1353 491 1403 casu,
508 1352 574 1413 quo
589 1337 726 1396 materia
741 1334 836 1396 ficret
851 1338 1000 1398 absolute
1015 1338 1137 1405 illicita,
1155 1353 1226 1398 cum

216 1419 403 1476 contractus
431 1417 564 1492 proprie
591 1414 668 1475 dicti
694 1431 754 1477 seu
780 1423 873 1491 pacta
900 1417 1056 1479 omniain
1072 1417 1135 1476 hoc
1152 1433 1228 1478 casu
1301 1425 1302 1450 ³

210 1494 282 1572 jam
296 1495 328 1556 vi
342 1511 402 1555 sua
418 1494 589 1567 deficiant3
608 1495 744 1568 deinde,
761 1497 787 1556 si
803 1501 954 1557 occurrat
969 1513 1066 1557 causa
1083 1501 1226 1557 extraor-

215 1574 350 1646 dinaria,
368 1581 583 1654 preterquam
598 1573 688 1653 quod
704 1591 885 1638 consensus
901 1593 968 1636 non
982 1576 1113 1638 videtur
1135 1577 1228 1638 datus

215 1670 275 1730 pro
293 1655 348 1714 tali
363 1671 451 1716 casu.

254 1735 285 1794 3⁰
307 1735 339 1794 Si
357 1738 513 1810 ageretur
531 1731 573 1793 de
596 1734 693 1794 rebus
713 1735 988 1808 temporalibusa
1007 1736 1138 1811 quibus.
1152 1743 1225 1796 ante

214 1814 531 1874 consummationem
554 1817 753 1884 contractus
781 1817 862 1874 ratio
905 1816 1079 1892 spiritualis
1112 1814 1229 1876 iisdem

214 1892 343 1953 adnexa
359 1896 398 1954 ab
411 1896 481 1970 ipsa
495 1893 649 1965 Ecclesia,
665 1893 810 1970 legitime
826 1899 977 1970 separata
993 1894 1098 1965 fuerit,
1115 1895 1226 1955 Eccle-

215 1973 264 2033 sia
277 1989 345 2034 non
362 1973 499 2034 deberet
513 1976 584 2034 sine
600 1989 764 2033 consensu
784 1975 864 2034 alius
886 1976 987 2052 partis
1008 1975 1228 2052 contrahentis

217 2052 415 2113 concordata
438 2068 605 2113 revocare.
627 2053 717 2114 Ratio
734 2054 832 2134 liujus
847 2054 1046 2115 limitationis
1061 2056 1128 2115 hacc
1146 2059 1196 2115 est
1219 2076 1226 2116 :

217 2157 229 2185 ι
258 2134 292 2192 ln
317 2134 356 2194 iis
380 2134 490 2202 rebus,
517 2150 534 2192 a
560 2133 678 2210 quibus
703 2134 783 2195 ratio
805 2135 979 2211 spiritualis
1000 2140 1152 2211 separata
1180 2142 1230 2197 est

214 2213 361 2286 omnine,
390 2211 498 2273 deficit
515 2210 769 2274 fundamentum
792 2217 995 2291 principatus
1018 2214 1174 2277 Ecclesiae
1196 2216 1229 2275 in

213 2292 410 2353 societatem
426 2293 555 2355 civilem
571 2317 583 2345 »
602 2290 654 2371 (2).

253 2372 323 2433 314.
350 2408 388 2416 —
412 2376 461 2433 An
485 2372 691 2433 concordatis
713 2389 773 2447 per
793 2374 985 2435 contrariam
1013 2372 1222 2434 consuetudi-

213 2466 292 2511 nem
312 2454 367 2513 vel
384 2452 661 2529 praescriptionem
679 2450 831 2529 derogari
846 2456 969 2530 possit?
982 2453 1071 2513 Multi
1085 2457 1223 2531 negant,

117 2599 120 2605 ¹
213 2533 283 2592 tum
298 2536 375 2610 qula
389 2534 574 2608 generatim
588 2532 784 2608 praescriptio
802 2539 835 2591 et
850 2532 1064 2593 consuetudo
1081 2549 1227 2594 reserva·

214 2613 357 2673 tionibus
372 2611 558 2690 apostolicis
575 2609 736 2689 derogare
751 2628 817 2673 non
832 2618 981 2688 possunt,
999 2618 1069 2672 tum
1083 2614 1160 2690 quia
1171 2613 1228 2691 jus

213 2690 350 2766 publicae
377 2692 524 2752 utilitatis
550 2696 582 2749 et
604 2690 735 2751 unionis
764 2692 935 2769 quesitum
962 2693 996 2751 in
1021 2692 1227 2754 concordatis

213 2784 282 2829 non
300 2775 411 2848 potest
429 2772 503 2832 ullis
522 2770 728 2831 subditorum
747 2769 841 2831 iactis
855 2770 1027 2843 immutari,
1046 2776 1112 2831 tum
1131 2772 1223 2833 deni-

215 2866 280 2924 oue
307 2852 382 2927 quia
408 2866 607 2912 consensum
631 2850 798 2929 denegare
824 2852 953 2913 ridetur
976 2853 1073 2929 Papa.
1102 2854 1225 2913 Tamen

213 2929 267 2989 alii
281 2930 493 3005 probabiliter
507 2928 677 2999 affirmant,
696 2935 765 2991 tum
781 2934 857 3008 quia
878 2932 967 2993 idem
983 2930 1161 2994 dicendum
1176 2938 1227 2993 est

214 3008 255 3069 de
271 3010 476 3071 concordatis
501 3026 601 3087 quam
626 3010 667 3071 de
688 3010 819 3089 legibus
840 3012 1069 3073 ecclesiasticis
1088 3028 1105 3071 a
1131 3012 1164 3073 S.
1189 3012 1224 3073 P.

211 3089 297 3181 latis,
323 3094 391 3229 turln
419 3093 495 3167 quia
518 3090 663 3150 rationes
690 3090 792 3152 allatae
816 3106 884 3151 non
908 3096 984 3152 sunt
1008 3092 1164 3153 absoluta
1195 3097 1228 3154 et

213 3185 368 3231 universa
382 3186 428 3230 es.

242 3326 276 3388 (1)
290 3326 524 3389 Schmalzgrueber.
538 3327 584 3375 Jus
598 3324 660 3376 eccl.
679 3326 721 3376 tit.
739 3325 770 3373 de
782 3327 866 3376 Praeb.
885 3343 910 3376 n.
924 3328 979 3389 271,
993 3328 1052 3381 273.

243 3414 371 3476 (21111).
388 3411 522 3478 Tarquini.
537 3413 583 3462 Jus
596 3412 658 3462 eccl.
672 3413 745 3479 publ.
763 3431 784 3465 c.
800 3416 824 3475 2,
839 3420 889 3465 art.
904 3417 928 3465 5.
