2642 4250
438 281 545 324 313131
567 279 737 325 3331111113.
1050 263 1090 322 45

71 401 106 460 2⁰
124 399 160 458 ln
182 396 360 476 hypothesi
383 394 658 468 adversariorum,
683 395 792 471 opinio
816 400 905 455 esset
920 410 1019 456 causa
1040 395 1089 455 sui

71 478 187 552 ipsius,
202 476 368 553 siquidem
385 481 435 536 est
453 474 529 537 fans
544 476 718 552 primarius
733 474 886 536 bonitatis
899 480 933 534 et
947 476 1087 549 malitiam

71 558 146 621 ideo
178 559 250 631 ipsa
282 558 392 633 opinio
423 560 513 616 esset
540 557 637 616 unica
657 555 754 615 'ratio
791 552 984 615 efformandi
1025 555 1089 615 tale

69 636 233 718 judicium
255 634 298 696 de
318 636 501 696 moralitate
519 637 696 706 actionum,
717 650 778 694 seu
797 635 906 695 tatr'ter
921 636 1087 709 opinandi.

114 717 202 792 Ergo
230 716 396 775 actionum
427 717 643 777 humanarum
669 715 836 775 moralitas
871 713 911 774 311
934 714 1089 791 opinione

74 798 274 874 populorum
295 811 362 855 non
383 794 519 872 pendet.

75 919 124 979 80.
150 952 188 960 —
215 919 326 978 Tarsis
348 917 383 977 tt.
409 916 531 992 Reputo
554 917 752 976 moralitatis
775 917 890 990 repout'
915 917 1022 990 aequit
1053 917 1086 976 t‘a

116 997 230 1072 ab'quo
259 998 408 1058 rustiuctu
436 1013 491 1056 seu
513 1013 604 1056 seusu
632 995 757 1054 morati
783 996 950 1068 organica,
974 998 1031 1056 scd
1048 997 1092 1055 ad

113 1077 312 1138 iatettcctuut
342 1081 370 1135 ct
398 1078 559 1136 ratr'oucru
588 1080 728 1151 perttuct
749 1074 875 1154 (contra
896 1073 1036 1135 Robinet
1058 1079 1090 1147 et

113 1156 279 1234 quosdam
300 1153 550 1233 materialistas).

114 1265 279 1332 Probatur
307 1274 335 1331 l²
352 1287 446 1346 pars.
480 1273 509 1331 1ο
530 1269 687 1330 1113313113
708 1269 905 1330 interactus
927 1268 1035 1329 banos
1059 1275 1091 1329 et

74 1351 179 1413 malos
201 1365 268 1411 non
291 1352 401 1428 potest
422 1349 537 1411 haberi
559 1351 629 1409 sine
653 1349 763 1425 aliqua
778 1349 976 1425 cognitione.
993 1349 1090 1426 Atqui

75 1433 220 1508 cognitio
253 1429 307 1491 illa
339 1445 406 1490 non
436 1434 547 1506 potest
579 1443 653 1488 asse
685 1430 747 1488 nisi
777 1429 942 1488 rationalis
967 1447 974 1488 :
997 1435 1090 1489 actus

75 1515 172 1582 enim,
198 1514 362 1587 quatenus
393 1511 527 1570 humani
549 1513 584 1569 et
605 1507 715 1586 quoad
745 1509 973 1579 moralitatem,
1003 1524 1087 1585 pen-

74 1590 190 1652 denta
210 1590 392 1659 voluntate,
416 1596 579 1666 quatenus
602 1592 652 1650 est
672 1589 776 1648 libera
799 1593 832 1648 et
855 1587 987 1648 domina
1007 1603 1085 1650 suo-

73 1687 147 1730 rum
170 1673 321 1742 actuum;
343 1668 405 1730 sed
426 1670 587 1739 voluntas,
611 1673 649 1730 ut
669 1669 771 1729 libera
794 1672 827 1728 et
848 1667 980 1728 domina
1010 1685 1090 1728 suo·

74 1767 147 1811 rum
171 1754 316 1819 actuum,
339 1748 466 1826 pendet
487 1748 665 1819 aratione,
691 1762 758 1808 non
785 1748 826 1808 ab
852 1748 961 1825 aliquo
988 1764 1090 1809 sensu

74 1834 108 1890 in
133 1829 268 1907 organis
290 1832 457 1906 corporeis
479 1831 641 1890 existente
664 1828 713 1904 (11,
730 1828 800 1898 303,
816 1828 890 1902 3043
909 1830 945 1889 111
963 1829 1013 1900 37,
1026 1826 1086 1905 38).

117 1910 282 1976 Probatur
300 1910 340 1970 2⁰.
369 1909 491 1970 Sensus
515 1924 692 1984 corporeus
723 1923 784 1967 scu
813 1915 925 1979 partas
953 1908 1090 1968 moratis

76 1989 194 2065 nequit
217 1989 404 2049 discernere
426 1989 512 2050 inter
533 1988 657 2049 tonum
681 1991 714 2047 et
734 1987 857 2047 malum
878 1988 1001 2048 morale
1028 1987 1089 2046 nisi

75 2085 136 2146 per
158 2069 340 2129 motionem
363 2067 582 2146 corporalem
607 2068 668 2129 sed
689 2072 797 2129 motus
812 2067 999 2145 corporales
1014 2073 1091 2131 sunt

73 2148 305 2211 indifferentes
327 2147 369 2208 ad
391 2150 516 2210 bonum
539 2152 572 2207 et
594 2148 727 2208 malum.
751 2146 878 2209 Deinde
893 2151 1091 2224 sequeretur

73 2228 168 2306 quod
188 2229 286 2289 bruta
307 2229 393 2289 hanc
415 2229 565 2306 regulam
586 2229 779 2288 moralitatis
800 2228 923 2287 habere
948 2230 1088 2303 possint.

113 2308 278 2369 Probatur
298 2310 340 2369 3⁰.
365 2308 484 2369 Gustus
506 2308 680 2367 sensibiles
701 2322 768 2367 non
790 2311 867 2367 sunt
881 2306 1087 2367 uniformes:

72 2392 243 2450 variantur
265 2404 323 2465 pro
344 2389 471 2449 ratione
487 2387 598 2459 aetatis,
616 2386 876 2459 consuetudinis,
892 2386 1089 2447 valetudinis

73 2470 282 2545 aliarumque
306 2484 489 2540 causarum,
514 2470 551 2527 ut
565 2470 695 2526 33113131
710 2467 911 2543 experientia
927 2464 1086 2538 evidenti;

73 2550 166 2625 atqui
187 2548 303 2626 regula
325 2564 453 2608 morum
476 2547 577 2607 debet
598 2562 672 2606 esse
695 2546 902 2614 invariabilis,
925 2562 1023 2607 secus
1054 2546 1089 2608 id

75 2628 166 2705 quod
187 2628 289 2690 hodie
312 2635 362 2689 331
382 2627 569 2698 honestum,
595 2643 667 2685 cras
689 2633 802 2702 posset
831 2624 901 2685 fieri
931 2626 1087 2688 inhones-

78 2714 157 2769 tum.
192 2710 277 2785 Ergo
311 2708 478 2771 moralitas
509 2708 625 2783 nequit
654 2708 772 2782 reponi
792 2706 826 2765 in
847 2706 956 2783 aliquo
988 2721 1090 2767 sensu

74 2788 194 2849 11131311
216 2788 383 2865 organice,
407 2803 469 2848 seu
489 2789 524 2848 in
546 2788 766 2845 commotione
786 2786 1023 2860 fitameatorum
1038 2803 1088 2845 or·

75 2868 283 2944 punicorum,
305 2871 342 2928 ut
375 2868 491 2928 volunt
522 2868 686 2926 acutiores
718 2865 940 2926 materialistae
971 2874 1088 2926 nostrae

75 2949 191 3009 313113.

113 3026 281 3096 Probatur
295 3026 326 3087 2²
334 3042 426 3103 pars.
443 3027 609 3085 Judr'cturu
624 3022 820 3084 moralitatis
835 3024 880 3083 ad
894 3023 1089 3086 intellectura
1136 3045 1137 3048 ¹

76 3110 104 3164 et
135 3107 299 3165 rationem
323 3107 473 3181 perticat.
505 3106 577 3165 Jam
598 3104 736 3164 resultat
752 3119 793 3163 ex
815 3103 908 3164 dictis
929 3103 963 3163 in
984 3106 1089 3181 prima

76 3190 182 3260 parte.
206 3186 367 3247 Praeterea
384 3184 547 3265 judicium
570 3182 760 3245 moralitatis
781 3185 814 3242 in
836 3183 979 3259 quadam
1002 3184 1087 3245 rela-

77 3265 164 3327 tione
187 3264 444 3326 internoscenda
467 3262 613 3327 consistit
636 3282 643 3322 :
666 3262 701 3323 id
724 3266 853 3322 constat
874 3279 914 3323 ex
928 3265 999 3338 ipsa
1013 3279 1089 3324 con-

75 3350 177 3419 ceptu
197 3346 401 3407 moralitatis.
424 3342 524 3420 Atqui
545 3344 689 3421 cognitio
712 3341 852 3419 alicujus
866 3343 1032 3404 relationis
1047 3343 1091 3404 ad

74 3424 284 3487 intellectum
303 3422 359 3487 vel
378 3427 540 3487 rationem
561 3422 706 3500 pertinet
729 3442 737 3483 :
760 3422 802 3483 ad
824 3422 1039 3495 intellectum,
1059 3425 1086 3485 si

75 3518 138 3580 per
157 3520 195 3565 se
216 3505 302 3565 illico
324 3507 430 3579 patet3
456 3503 498 3563 ad
518 3502 692 3573 rationem,
715 3503 743 3562 si
765 3500 807 3562 ad
828 3502 968 3563 invicem
989 3500 1091 3564 refert

76 3583 237 3645 terminos
272 3581 367 3645 valde
404 3583 546 3656 dissitos,
584 3598 725 3659 quorum
756 3581 897 3657 proinde
930 3582 1089 3647 habitudo

76 3664 210 3727 nonnisi
230 3680 293 3743 per
312 3662 518 3726 ratiocinium
540 3660 653 3742 detegi
672 3665 795 3739 potest.
825 3663 923 3743 Ergo.
