2642 4250
955 268 1161 313 mmm
1209 266 1407 312 ὅπου
1417 266 1526 312 ms.
2144 250 2256 312 103

306 378 511 456 Igitur
546 379 636 442 ad
675 381 996 444 rationem
1041 387 1417 445 contractus
1460 387 1742 460 quatuor
1769 383 2200 460 requiruntur
2231 403 2248 445 ε

312 459 371 520 10
415 462 705 536 cognitio
731 465 835 523 rei
855 482 877 520 .-
918 477 1076 523 nam
1115 465 1173 524 si
1213 462 1554 541 objectum
1598 461 1684 524 de
1714 478 1847 539 quo
1878 463 2255 538 pactionem

205 535 578 601 conficiunt
621 546 1086 616 contractoreS,
1160 546 1604 620 ignoraretur,
1675 542 1855 602 nulla
1918 539 2259 606 evidenter

205 612 494 680 daretur
536 623 704 682 circa
744 621 905 682 illud
947 623 1115 683 actio
1157 623 1515 685 voluntatis
1562 642 1578 684 ε
1622 621 1928 682 voluntas
1970 623 2145 682 enim
2186 622 2256 684 in

207 696 526 775 ignotum
567 699 724 762 ferri
764 702 1015 779 nequit.
1064 702 1507 776 Quamobrem
1550 717 1734 763 error
1776 703 1889 761 aut
1936 699 2131 763 dolus
2184 702 2254 764 in

211 775 787 848 substantialibus,
836 780 1146 843 validitati
1188 787 1560 844 contractus
1602 783 1975 858 opponitur.

303 858 371 918 2⁰
408 858 693 920 Libertas
724 861 794 922 in
832 862 1389 934 contrahentibus,
1424 866 1698 940 propter
1728 859 2029 921 eamdem
2058 863 2253 923 ratio-

212 950 378 997 nem
415 959 430 999 :
465 945 833 1002 contractus
875 942 1050 1002 enim
1088 945 1189 1003 est
1225 949 1412 1004 actus
1450 943 1677 1003 liberae
1713 941 2084 1001 voluntatis.
2122 942 2252 1000 Ita-

212 1032 358 1093 que
433 1018 528 1079 vis
599 1019 776 1081 illata
847 1023 1095 1082 irritum
1164 1020 1389 1083 reddit
1453 1026 1862 1083 contractum
1922 1019 2248 1082 violenter

216 1101 581 1160 extortum.

304 1177 371 1238 30
397 1181 656 1238 Μαιαῑιε
671 1196 1023 1252 consensu&
1054 1185 1128 1241 ut
1154 1184 1415 1242 constat
1446 1195 1529 1240 ex
1555 1180 1697 1256 ipso
1732 1183 2060 1255 conceptu
2092 1196 2244 1240 rain—

218 1259 472 1318 tractus
522 1276 537 1316 z
590 1259 691 1319 hic
721 1264 983 1320 mutuus
1027 1275 1390 1321 consensus
1427 1261 1817 1323 simultanee
1852 1257 1991 1319 dari
2021 1256 2244 1324 datm,

214 1351 373 1395 nam
406 1337 714 1415 conjungi
743 1340 1113 1401 voluntates
1141 1356 1419 1402 necesse
1447 1341 1765 1411 habetur;
1802 1341 1868 1399 et
1897 1338 2100 1400 debe-t
2132 1356 2244 1396 rx*

216 1416 430 1476 terius
503 1416 921 1490 manifestari,
1003 1424 1079 1481 ut
1151 1421 1470 1498 comparti
1542 1421 1962 1481 innotescere
2041 1424 2248 1496 possit

216 1495 528 1557 voluntas
557 1498 842 1560 alterius,

301 1575 368 1635 40
404 1578 682 1636 Materia
712 1578 1057 1652 possibilis,
1099 1577 1280 1639 licita
1311 1583 1368 1640 et
1387 1581 1691 1654 propria,
1728 1578 1881 1655 quia
1910 1577 1966 1638 si
1996 1580 2092 1639 est
2129 1584 2240 1636 im-

220 1655 551 1730 possibilis
586 1657 857 1735 physice
892 1659 1000 1718 vel
1036 1659 1387 1728 moraliter,
1420 1657 1717 1736 praestari
1753 1655 2014 1734 nequit;
2060 1660 2108 1716 si
2152 1664 2252 1716 ret

217 1735 471 1805 illicita,
519 1739 861 1798 conventio
902 1737 986 1799 de
1024 1741 1163 1815 ipsa
1209 1736 1492 1800 officium
1534 1737 1855 1806 naturale,
1892 1754 2020 1814 quo
2056 1743 2244 1812 turpe

219 1818 539 1891 prosequi
574 1817 1020 1891 prohibemur,
1064 1817 1544 1897 exstingueret3
1572 1818 1753 1878 unde
1785 1818 1962 1877 nulla
1994 1818 2244 1884 oblima-

223 1893 518 1973 tio-fingi
557 1901 777 1972 potest
819 1896 904 1958 ad
943 1913 1023 1958 ea
1059 1898 1506 1974 procuranda3
1551 1896 1840 1974 denique
1881 1899 1937 1958 si
1972 1912 2104 1957 non
2152 1904 2248 1956 est

220 1978 512 2050 propria,
542 1976 608 2035 in
641 1980 966 2052 potestate
998 1979 1524 2040 contrahentium
1556 1993 1690 2038 non
1715 1980 1837 2049 est,
1879 1977 1991 2054 qui
2020 1984 2240 2053 proin-2

223 2054 312 2115 de
344 2052 432 2115 de
458 2057 600 2133 ipsa
635 2057 870 2132 pacisci
898 2070 1032 2117 non
1061 2058 1304 2118 valent.

307 2135 446 2197 189.
477 2169 553 2178 —
583 2135 963 2198 Contractus
995 2136 1300 2199 dividitur
1325 2136 1394 2197 in
1422 2152 1651 2197 verum
1680 2142 1744 2197 et
1773 2137 2240 2213 quasi-consm-

216 2220 400 2275 ctum
433 2235 455 2274 .·
493 2220 592 2278 est
631 2233 821 2278 verus
869 2216 1133 2294 quando
1185 2217 1378 2277 datur
1422 2232 1505 2276 ex
1552 2222 1833 2293 utraque
1878 2220 2056 2292 parte
2100 2232 2244 2276 ran*

215 2309 461 2354 sensus
488 2292 772 2357 formalis
811 2313 934 2357 seu
971 2313 1355 2372 expressus;
1390 2298 1970 2371 quasi-contractus
2010 2300 2108 2356 est
2144 2299 2248 2368 qui

218 2388 308 2434 ex
342 2372 496 2435 ficto
538 2391 864 2437 consensu
901 2378 1129 2449 oritur,
1163 2394 1360 2455 quem
1398 2377 1651 2437 scilicet
1678 2378 1785 2451 lex
1816 2374 2092 2451 positiva
2128 2376 2248 2436 [ῑιιτ

218 2455 320 2531 git
350 2452 610 2528 adesse,
643 2472 766 2517 seu
800 2456 1129 2531 praesumit
1166 2473 1250 2517 ex
1277 2454 1446 2517 facto
1486 2456 1703 2534 aliquo
1750 2474 1763 2515 ε
1796 2472 1858 2517 v.
1892 2471 1958 2533 g.
1997 2474 2012 2516 ε
2043 2472 2244 2524 neqn-

222 2534 461 2615 tiorum
516 2538 754 2613 gestio,
813 2536 1284 2599 administratio
1345 2536 1582 2609 tutelae,
1642 2540 1768 2596 etc.
1828 2539 1983 2596 sunt
2040 2536 2248 2613 quasi-

217 2617 622 2677 contractus.

303 2692 691 2755 Contractus
713 2695 978 2771 proprie
1002 2694 1157 2756 dicti
1176 2694 1546 2771 partiuntur
1567 2694 1624 2755 10
1645 2696 1715 2755 in
1734 2693 2156 2755 unz'lateraiffi
2188 2697 2252 2753 et.

221 2772 595 2834 bilaterales
621 2790 743 2833 seu
775 2775 1369 2850 synallaqmaticos,
1400 2778 1597 2850 prout
1622 2790 1818 2833 unam
1850 2773 2236 2833 contrahim-

223 2854 386 2912 tium
419 2857 664 2929 partem
697 2858 951 2914 tantum
978 2855 1086 2917 vel
1113 2859 1465 2931 utramque
1497 2853 1812 2931 obligant.

301 2933 370 2993 2⁰
401 2933 470 2991 In
514 2949 806 2994 onerosos
846 2938 913 2995 et
947 2935 1284 3010 yratuicos.
1326 2933 1581 2994 Priores
1619 2936 1775 2993 sunt
1813 2931 2047 3009 quibus
2088 2933 2244 2989 utri*

220 3027 358 3088 que
388 3014 551 3087 parti
579 3028 746 3073 onus
775 3014 1129 3090 imponitur
1156 3012 1507 3089 praestandi
1537 3011 1816 3090 aliquid;
1851 3013 2108 3089 posteri=
2128 3029 2248 3069 *res

221 3092 341 3167 qui
387 3108 581 3151 uuam
635 3095 1082 3155 tantummodo
1129 3097 1381 3167 partem
1429 3097 1725 3171 gravant.
1769 3090 2100 3151 onerosus
2152 3097 2244 3149 ρει

219 3172 334 3231 vel
361 3174 853 3233 commutativus
891 3173 999 3234 vel
1039 3172 1417 3234 aleatorlus.
1460 3172 1640 3235 Prior
1675 3172 1957 3255 habetur
1986 3169 2246 3247 quentin

223 3249 421 3311 datur
444 3249 778 3328 aequalitas
804 3254 978 3313 inter
1005 3250 1226 3312 datum
1259 3257 1327 3313 et
1354 3257 1719 3328 acceptum.
1745 3249 2068 3311 Posterior
2096 3269 2248 3309 roro

220 3333 280 3392 si
308 3330 704 3407 aequivalens
733 3331 1000 3409 ponitur
1026 3331 1093 3391 in
1126 3331 1349 3392 damni
1383 3334 1489 3394 vel
1515 3332 1701 3404 lucri,
1735 3346 1809 3389 ex
1857 3346 1990 3390 una
2021 3329 2250 3390 salim-n

223 3414 436 3487 parte,
466 3410 777 3485 periculo,
813 3411 994 3488 quod
1020 3412 1102 3472 ab
1135 3417 1380 3471 eventu
1405 3411 1654 3473 incerto
1684 3409 1995 3488 pendeat.

307 3490 370 3550 3⁰
436 3490 504 3549 ln
568 3492 930 3552 nominatos
994 3496 1060 3551 et
1123 3491 1574 3561 innominacos,
1656 3495 1854 3567 prout
1919 3493 2252 3569 proprium

227 3584 474 3630 nomen
501 3569 569 3630 in
588 3570 742 3649 jure
774 3571 1096 3643 obtinent,
1127 3568 1234 3633 vel
1264 3586 1490 3641 secus;
1524 3588 1586 3632 v.
1620 3585 1695 3649 g.-
1718 3570 1986 3646 emptio,
2018 3569 2248 3630 lom-itio

226 3652 383 3711 sunt
409 3654 786 3711 contractus
816 3649 1153 3712 nominati.
1186 3653 1256 3711 In
1277 3650 1429 3729 jure
1461 3652 1748 3712 Romano
1780 3655 1933 3712 sunt
1974 3657 2252 3727 quatum*
