2642 4250
457 269 561 314 ararat
582 267 754 314 ornamus
1078 250 1119 314 49
1150 296 1152 299 -

139 376 238 453 Atqui
260 378 427 440 moralitas
450 380 528 442 nihil
557 385 606 442 est
635 380 724 440 aliud
750 396 849 458 quam
879 379 960 442 ordo
994 386 1141 444 conver
1209 428 1211 431 .
1244 373 1308 460 f

98 458 301 519 nientiaevel
328 459 556 536 discrepantia
579 477 640 520 seu
661 461 824 522 rectitudo
848 459 900 521 vel
926 460 1115 522 deformitas
1171 496 1173 513 ι
1214 465 1217 470 ’

97 539 267 598 actionum
292 539 325 599 in
349 544 466 600 natura
490 541 652 600 rationali.
679 543 764 618 Ergo
794 541 961 602 moralitas
981 546 1115 603 actuum
1191 595 1195 605 ,
1282 595 1286 602 .

98 618 321 678 humanorum
342 619 532 680 immediate
547 620 674 697 pendet
695 622 736 680 ab
752 621 936 682 illanatura
951 621 1114 700 objectiva
1214 670 1216 679 .
1272 648 1274 655 ·

100 701 248 774 spectata
881 740 885 746 «

140 776 206 838 Sed
222 777 372 838 actiones
388 783 526 839 eatenus
541 780 766 857 suntpropriae
780 780 917 858 alicujus
928 784 1050 840 naturae
1064 797 1114 841 ra·
1147 854 1151 858 1

98 857 229 918 tionalis
256 862 424 934 quatenus
448 857 633 936 diriguntur
660 876 722 936 per
749 860 921 920 rationem.
952 859 1114 922 Creaturae

98 939 187 998 enim
201 939 381 998 rationales
396 952 462 998 non
484 940 525 998 ah
545 939 617 1016 ipso
637 944 772 1001 auctore
794 944 912 1000 natura
933 938 1114 1001 efficienter

98 1023 132 1076 et
155 1017 310 1078 absolute
325 1023 508 1088 moventur,
529 1025 566 1078 ut
585 1024 740 1080 creatura
759 1019 976 1091 irrationales,
996 1019 1057 1080 sed
1076 1037 1113 1081 se
1206 1026 1208 1033 '

96 1102 230 1174 regunt,
247 1113 309 1156 seu
322 1097 446 1158 habent
455 1100 511 1178 jus
531 1115 567 1159 se
586 1099 727 1176 regendi
748 1114 893 1176 suosque
914 1104 1006 1159 actus
1025 1101 1113 1160 bene

97 1178 149 1236 vel
164 1177 251 1237 male
268 1177 450 1238 ordinandi.
467 1180 550 1256 Ergo
567 1183 735 1240 actionum
748 1179 967 1239 humanarum
980 1180 1114 1239 morali-

97 1261 146 1316 tas
160 1257 356 1318 immediate
376 1257 503 1334 pendet
525 1259 566 1318 ab
587 1258 703 1318 ordine
723 1259 886 1335 objectivo
902 1274 1024 1331 rerum,
1046 1275 1114 1320 non

97 1335 236 1414 quidem
254 1336 419 1413 pracisive
441 1342 584 1414 sumpte,
611 1339 673 1399 sed
699 1344 863 1416 quatenus
878 1339 930 1398 hic
952 1337 1032 1401 ordo
1054 1355 1114 1417 per

113 1419 260 1477 ationem
274 1416 544 1492 apprehenditur.

136 1497 302 1555 Probatur
314 1498 346 1556 2³
355 1513 447 1572 pars.
465 1497 553 1558 Ordo
570 1497 753 1576 objectivus
768 1513 879 1557 rerum
892 1496 1018 1572 pendet
1034 1513 1052 1555 a
1068 1495 1114 1555 di-

96 1575 170 1635 vina
185 1575 347 1650 sapientia
364 1581 396 1636 et
410 1577 557 1639 bonitate
576 1597 582 1636 ε
599 1594 707 1636 rerum
724 1577 813 1637 enim
832 1581 954 1637 naturae
976 1581 1009 1637 et
1027 1577 1111 1635 rela-

97 1656 204 1715 tiones
219 1655 327 1716 divina
339 1657 508 1733 sapientia,
523 1657 662 1718 divinam
675 1661 853 1718 essentiam
869 1657 1113 1732 contemplante

94 1733 225 1814 (tant),
239 1735 504 1810 determinantur;
519 1741 606 1813 atqui
617 1738 781 1798 moralitas
791 1736 978 1798 immediate
989 1733 1115 1812 pendet

97 1816 138 1876 ab
159 1815 213 1876 illo
233 1813 362 1876 ordine.
380 1817 465 1894 Ergo
483 1817 653 1876 mediante
675 1817 790 1878 ordine
811 1816 973 1893 obJ'ectivo
990 1831 1113 1887 rerum,

97 1894 398 1971 moralitaspendet
411 1897 452 1956 ab
465 1896 580 1957 ordine
594 1895 707 1957 divina
723 1895 890 1974 sapientiae
902 1902 934 1956 et
946 1896 1112 1956 bonitatis

138 1972 188 2035 86.
205 2008 245 2016 —
265 1976 445 2038 scholium.
461 1979 582 2037 Norma
595 1977 772 2038 voluntatis
793 1977 941 2036 humanae
963 1982 1012 2036 est
1031 1975 1113 2034 ratio

97 2053 244 2114 humana
273 2059 436 2131 quatenus
466 2055 616 2118 ordinem
646 2056 848 2135 objectivnm
880 2072 992 2115 rerum
1023 2062 1113 2114 recte

98 2135 329 2211 apprehendit,
347 2152 384 2195 ac
399 2137 538 2213 proinde
556 2134 732 2199 conformis
749 2140 799 2197 est
813 2135 931 2196 rationi
948 2136 1073 2207 divinae,
1095 2150 1115 2196 a
1284 2149 1286 2152 ·
1310 2151 1311 2208 3

98 2230 163 2291 qua
187 2213 315 2291 pendet
338 2216 389 2275 hic
415 2216 508 2278 ordo.
532 2216 596 2277 Sed
621 2217 702 2276 ratio
728 2216 762 2275 id
787 2217 889 2276 habet
910 2214 999 2293 quod
1022 2217 1113 2274 recte
1218 2254 1220 2258 ψ
1310 2237 1311 2294 5

97 2294 337 2370 apprehendat,
357 2296 432 2372 quia
448 2302 498 2358 est
519 2296 668 2373 quaedam
683 2296 888 2373 participatio
909 2295 1041 2356 luminis
1064 2292 1115 2355 di·
1310 2319 1311 2326 ε

97 2376 163 2434 vini
177 2374 226 2453 (li,
241 2372 323 2452 259).
340 2376 394 2435 Est
409 2376 497 2436 enim
514 2374 654 2436 facultas
676 2381 784 2436 creata
804 2375 846 2435 ad
866 2375 1114 2437 similitudinem

97 2454 287 2514 intellectus
304 2455 413 2516 divini.

137 2534 187 2595 87.
206 2567 244 2576 -
259 2535 305 2593 Ex
321 2533 413 2595 dictis
425 2534 573 2613 quadam
590 2539 750 2595 eruuntur
762 2535 931 2596 corollaria
946 2539 1015 2594 tum
1027 2532 1112 2593 circa

97 2614 202 2687 fontes
226 2614 423 2675 morcincto
446 2632 504 2675 seu
530 2616 687 2691 principle
716 2632 785 2691 quae
810 2615 937 2674 actibus
960 2612 1113 2673 humanis

99 2698 248 2770 speciem
262 2694 295 2754 in
316 2710 442 2773 genere
458 2697 558 2754 moris
579 2693 763 2768 conferunt,
786 2699 854 2755 tum
875 2695 959 2754 circa
979 2708 1113 2755 eorum-

100 2772 178 2834 dem
193 2778 327 2834 actuum
341 2775 633 2849 imputribilitatem.

138 2854 188 2914 88.
207 2886 247 2895 —
262 2853 480 2913 corollarium
496 2855 519 2913 l.
537 2855 585 2913 lix
600 2854 694 2915 dictis
708 2853 855 2932 sequitur
870 2857 980 2913 actum
994 2852 1110 2913 volun-

102 2935 176 2993 tatis
206 2932 380 2993 desumere
396 2934 582 3009 primariam
597 2932 780 2995 bonitatem
794 2933 950 2993 moralem
967 2948 1008 2991 ex
1021 2932 1113 2992 honi-

102 3016 168 3073 tate
184 3014 303 3089 objecti
314 3013 451 3091 hujusce
467 3018 569 3081 actos,
587 3029 658 3083 seu,
677 3015 747 3074 aliis
762 3013 882 3083 verbis,
897 3012 1027 3073 bonitas
1040 3012 1111 3085 for·

101 3092 210 3164 malis,
225 3093 260 3153 id
276 3097 337 3167 est,
355 3108 419 3169 qua
435 3099 526 3153 actus
539 3091 717 3154 formaliter
737 3099 787 3155 est
800 3093 917 3164 bonna,
937 3094 1028 3153 venit
1043 3090 1109 3165 pri·

100 3175 203 3233 mario
226 3189 267 3233 ex
291 3172 438 3233 bonitate
463 3174 632 3248 objectiva,
660 3190 729 3250 quae
754 3173 880 3235 scilicet
902 3172 1114 3234 inveniturin

101 3251 234 3330 objecto
258 3252 442 3313 secundum
465 3256 590 3312 rectam
614 3256 776 3313 rationem
799 3252 930 3313 amabili
957 3250 1114 3313 :bonitas

101 3334 188 3394 enim
205 3331 367 3411 objectiva
383 3330 561 3393 formaliter
583 3337 634 3392 est
653 3333 725 3409 ipsa
747 3334 866 3394 entitas
886 3332 933 3393 rei
952 3333 1057 3399 bona,
1077 3334 1115 3389 ut
1168 3341 1170 3344 ’

102 3415 262 3472 connotat
289 3412 481 3472 relationem
504 3414 738 3474 convenientiae
757 3413 791 3491 (i,
813 3410 885 3490 317)
904 3428 979 3471 cum
997 3414 1115 3471 natura

99 3491 260 3551 rationali.
279 3494 358 3552 Hinc
373 3492 503 3552 bonitas
514 3492 677 3571 objectiva
693 3499 744 3553 est
754 3493 997 3570 priorbonitate
1008 3494 1112 3559 actus,

100 3578 133 3641 et
152 3570 322 3633 antecedit
341 3575 467 3632 rectum
488 3572 650 3650 judicium
678 3572 720 3633 de
745 3572 892 3633 bonitate
918 3570 1054 3651 objecti,
1081 3571 1116 3629 ct

100 3655 227 3712 rectam
242 3654 407 3714 actionem
421 3652 607 3713 voluntatis.
1164 3663 1166 3666 ’

431 3747 511 3795 anv.
526 3746 600 3797 Pmt.
614 3746 645 3797 Τ.
660 3746 704 3797 ill.
717 3771 749 3783 -
761 3747 786 3795 l.
