2642 4250
434 313 437 318 ,
467 261 748 306 111111111111111.
1058 236 1111 307 i5t

88 381 253 440 mainum.
293 375 428 437 Constat
463 393 501 436 ex
537 382 596 437 art.
637 379 674 437 17
708 375 836 438 Wiclefi
872 376 1110 455 1111111111(1);

93 456 221 518 deinde
244 473 285 516 ex
307 459 482 518 autoritate
511 458 551 516 D.
574 457 688 517 Thom
715 457 770 517 vel
800 458 943 518 auctoris
966 457 1115 532 opusculi

91 539 225 612 deRep.
249 538 356 596 11111.
382 554 409 597 c.
441 553 483 596 vr.
507 537 597 598 Ratio
622 541 673 596 est
695 540 771 613 quia
792 553 862 597 non
882 537 960 597 licet
980 539 1121 612 privatis,

94 615 224 677 civibus
260 620 317 675 aut
351 616 504 677 universo
531 616 653 692 populo
677 616 851 695 insurgere
873 619 908 678 iu
931 617 1116 692 Principem

94 697 298 766 absolutum,
338 696 398 754 etsi
434 701 622 775 tyrannum,
659 695 722 758 nisi
756 697 878 757 lrabeat
914 701 1117 772 potestatem

95 776 191 835 illum
209 773 399 851 judicandi;
423 775 513 852 atqui
535 776 568 835 in
588 776 750 853 regimine
773 778 922 837 absoluto
954 793 1016 836 nec
1048 777 1117 836 sin·-

97 857 170 933 guli
193 857 278 914 cives
300 871 364 915 nec
386 857 528 932 populus
550 855 648 914 talem
664 860 863 931 potestatem
877 855 989 921 babet,
1006 872 1116 932 neque

97 933 308 1006 ordinariam,
321 951 415 995 secus
429 940 574 1012 potestas
585 935 736 995 haecnon
753 941 840 995 esset
861 952 879 995 1
901 936 983 1004 Deo,
1006 953 1117 1013 neque

99 1014 303 1092 delegatam,
327 1030 401 1092 quae
423 1016 610 1076 necessario
635 1015 857 1076 descenderet
886 1016 940 1091 vel
974 1017 1014 1076 ab
1045 1017 1116 1093 ipso

97 1095 249 1170 Principe
270 1093 326 1153 vel
346 1111 361 1152 a
386 1097 455 1158 Deo
478 1095 530 1174 (2).
556 1095 657 1172 igitur
678 1095 822 1156 Ecclesia
843 1096 912 1156 sola
933 1099 1044 1170 potest
1060 1096 1115 1173 ju-

101 1174 221 1235 dicium
242 1173 329 1234 ferre
352 1175 383 1233 in
406 1176 468 1234 1111
492 1191 579 1242 casu,
602 1181 638 1234 ut
658 1177 856 1250 potestatem
879 1175 1007 1234 babens
1027 1173 1112 1236 ordi-

99 1255 149 1313 nis
171 1255 360 1328 superioris.
383 1257 505 1315 'lamen
526 1271 593 1316 non
615 1258 771 1314 tenentur
790 1253 912 1316 subditi
941 1256 1117 1316 observare

98 1335 192 1412 leges
214 1332 387 1398 manifesto
409 1334 546 1411 injustas
571 1354 578 1394 :
603 1338 635 1392 et
657 1335 704 1394 sic
726 1335 868 1410 populus
879 1342 1002 1410 posset,
1019 1337 1117 1395 etiam

100 1416 130 1474 vi
151 1413 307 1478 adhibita,
333 1416 484 1495 onmibus
507 1414 633 1473 actibus
669 1415 825 1490 principis
861 1413 1032 1474 evidenter
1064 1416 1114 1474 in-

96 1493 193 1572 justis
216 1494 388 1556 obsistere.
403 1511 432 1554 v.
457 1510 490 1572 g..
515 1496 541 1554 si
563 1495 729 1569 princeps,
745 1492 855 1569 poenis
877 1493 1041 1564 adhibitis
1061 1495 1116 1570 ‚iu-

100 1574 193 1633 beret
213 1572 425 1634 violationem
445 1572 528 1650 legis
550 1575 708 1634 naturalis
735 1575 788 1633 vel
811 1573 929 1633 divinae
951 1576 1112 1650 positivae.

101 1655 175 1714 llaec
196 1653 383 1714 resistentia
400 1655 535 1728 1111111
555 1653 641 1715 licita
665 1658 726 1713 est.

292 1763 309 1822 ἕ
324 1760 355 1812 ll.
372 1787 406 1798 -
421 1760 582 1812 Donatum
597 1772 744 1828 supremae
754 1758 921 1828 potestatis
1019 1823 1022 1828 .

139 1863 210 1924 270.
234 1897 274 1905 -
294 1863 356 1924 Per
376 1869 528 1924 naturam
550 1863 660 1924 stricto
684 1880 784 1924 sensu
806 1868 971 1939 sumptam
994 1865 1115 1927 intelli·

101 1944 208 2021 gimus
229 1943 335 2019 ipsam
358 1944 546 2015 essentiam,
572 1949 736 2018 quatenus
758 1949 809 2003 est
830 1944 1025 2020 principium
1040 1961 1117 2021 ope·

102 2023 266 2083 rationum
300 2025 445 2084 vitalium
480 2022 521 2102 (l,
559 2021 644 2100 27b);
676 2027 794 2084 natura
816 2039 896 2101 ergo
918 2025 1060 2084 habetur
1080 2030 1118 2086 ut

100 2102 172 2165 fons
196 2103 296 2165 totius
318 2103 501 2170 activitatis,
525 2107 638 2181 itaque
659 2105 783 2180 optime
806 2103 1044 2166 determinatur
1057 2122 1119 2181 per

101 2182 285 2248 facultates,
309 2200 378 2260 que
401 2188 477 2244 sunt
498 2184 655 2259 principia
672 2182 860 2263 immediata
875 2186 1114 2260 operationum.

101 2265 184 2341 Ergo
207 2269 358 2323 naturam
380 2279 544 2339 supremae
567 2265 750 2339 potestatis,
774 2281 844 2342 quae
868 2268 918 2323 est
938 2263 1012 2325 fons
1035 2268 1114 2325 acti-

101 2343 209 2403 vitatis
232 2343 373 2413 socialis,
399 2344 617 2405 determinare
640 2348 771 2419 oportet
790 2360 852 2420 per
873 2344 1033 2420 principia
1054 2348 1117 2406 im-

100 2423 247 2484 mediata
282 2428 315 2483 et
348 2425 534 2483 necessaria
570 2424 689 2500 quibus
724 2428 891 2497 operatur,
913 2440 1035 2500 nempe
1057 2440 1119 2502 per

102 2519 178 2563 suas
202 2503 348 2564 diversas
369 2502 541 2563 facultates
563 2519 622 2563 seu
642 2505 831 2578 functiones.

140 2584 212 2643 Jam
234 2599 311 2642 vero
334 2586 371 2641 ut
390 2586 538 2659 potestas
560 2598 656 2642 suum
678 2580 779 2642 finem
813 2582 963 2643 obtinere
999 2584 1114 2658 possit,

15 2660 16 2709 ἶ
104 2662 205 2724 debet
227 2680 287 2739 per
309 2678 385 2721 suas
407 2661 576 2723 facultates
612 2662 753 2721 naturali
788 2663 943 2724 activitati
975 2662 1117 2723 hominis

14 2744 15 2823 i
105 2742 273 2819 adaquate
295 2742 499 2819 respondere
523 2760 529 2801 :
553 2758 614 2819 par
635 2745 723 2801 enim
746 2758 819 2802 esse
843 2741 944 2802 debet
965 2742 1007 2802 ad
1023 2743 1117 2803 attin-

103 2822 251 2912 gendum
271 2820 371 2882 finem
393 2821 557 2883 societatis
581 2823 750 2898 completa
772 2819 866 2899 (179).
889 2823 1031 2883 Necesse
1069 2829 1119 2885 est

14 2942 15 2953 ,
103 2904 201 2981 igitur
224 2904 253 2961 1ο
274 2905 311 2961 ut
332 2900 483 2962 ordinem
498 2900 660 2978 producat
681 2901 907 2961 inclementis
929 2902 1116 2974 socialibus,

104 2998 224 3057 nempe
246 2985 283 3040 ut
304 2982 444 3041 societas
466 2980 604 3056 accipiat
626 2982 665 3041 ab
689 2983 760 3056 ipsa
781 2997 879 3041 suum
899 2980 1036 3041 modum
1068 2998 1117 3043 es·

14 3081 18 3129 t
105 3060 196 3122 sendi
219 3065 251 3121 et
273 3060 437 3122 existendi
461 3082 467 3122 :
493 3066 525 3121 et
547 3076 644 3120 causa
668 3077 737 3137 quac
758 3061 897 3137 praecise
919 3062 1007 3119 hunc
1041 3079 1117 3123 mo-

14 3130 18 3155 *
106 3141 181 3203 dum
215 3141 367 3216 producit
402 3157 439 3200 ac
477 3139 685 3206 determinat,
720 3140 830 3199 vocari
862 3140 948 3200 solet
977 3145 1119 3215 potestus

105 3222 354 3285 1111111111ο
377 3218 478 3280 debet
500 3219 652 3279 omnibus
678 3218 788 3279 media
812 3220 853 3281 ad
881 3218 982 3279 finem
996 3219 1119 3280 idonea

105 3300 277 3361 ostendere
301 3304 334 3359 et
355 3299 526 3376 imponere
552 3319 558 3358 τ
582 3300 659 3358 hinc
686 3304 828 3373 potestus
856 3299 1051 3373 1111111111,
1087 3302 1119 3361 3³

15 3407 20 3465 ¹,
107 3380 201 3443 debet
223 3379 401 3439 efficaciter
423 3380 655 3440 executionem
677 3378 876 3446 mediorum,
899 3377 1056 3439 facultate
1071 3380 1117 3440 le-

134 3511 165 3574 (1)
178 3510 318 3575 Populares
332 3512 437 3573 possunt
450 3509 483 3559 ad
494 3524 566 3558 suum
583 3507 719 3557 arbitrium
735 3507 852 3557 dominos
866 3506 1042 3571 delinquentes
1064 3522 1122 3559 cor·

108 3573 195 3637 rigere,
214 3572 299 3622 aiebat
312 3572 446 3622 Wiclefus.

138 3660 171 3724 (1)
182 3656 288 3721 anselli,
302 3658 443 3724 compend.
460 3658 565 3725 11111.
580 3660 647 3723 rq.
666 3657 704 3718 ta,
720 3658 770 3707 aa.
871 3633 874 3638 ’
