<?xml version="1.0" encoding="UTF-8"?>
<!DOCTYPE html PUBLIC "-//W3C//DTD XHTML 1.0 Transitional//EN"
    "http://www.w3.org/TR/xhtml1/DTD/xhtml1-transitional.dtd">
<html xmlns="http://www.w3.org/1999/xhtml" xml:lang="en" lang="en">
 <head>
  <title>
</title>
<meta http-equiv="Content-Type" content="text/html;charset=utf-8" />
  <meta name='ocr-system' content='tesseract 3.04.00' />
  <meta name='ocr-capabilities' content='ocr_page ocr_carea ocr_par ocr_line ocrx_word'/>
</head>
<body>
  <div class='ocr_page' id='page_1' title='image "./brevariumphilos00grangoog_0031.png"; bbox 0 0 2642 4250; ppageno 0'>
   <div class='ocr_carea' id='block_1_1' title="bbox 465 264 1226 341">
    <p class='ocr_par' dir='ltr' id='par_1_1' title="bbox 465 264 1226 341">
     <span class='ocr_line' id='line_1_1' title="bbox 465 264 1226 341; baseline 0.014 -25"><span class='ocrx_word' id='word_1_1' title='bbox 465 271 573 318; x_wconf 75' lang='grc'>333133</span> <span class='ocrx_word' id='word_1_2' title='bbox 595 277 764 320; x_wconf 76' lang='lat' dir='ltr'>causantis.</span> <span class='ocrx_word' id='word_1_3' title='bbox 868 293 885 341; x_wconf 63' lang='grc' dir='ltr'><strong>χ</strong></span> <span class='ocrx_word' id='word_1_4' title='bbox 1061 286 1064 292; x_wconf 92' lang='grc'><strong><em>·</em></strong></span> <span class='ocrx_word' id='word_1_5' title='bbox 1086 264 1125 326; x_wconf 82' lang='grc'>19</span> <span class='ocrx_word' id='word_1_6' title='bbox 1223 271 1226 275; x_wconf 84' lang='grc'><strong>’</strong></span> 
     </span>
    </p>
   </div>
   <div class='ocr_carea' id='block_1_2' title="bbox 97 390 1123 1251">
    <p class='ocr_par' dir='ltr' id='par_1_2' title="bbox 103 390 1123 625">
     <span class='ocr_line' id='line_1_2' title="bbox 104 390 1122 466; baseline 0.008 -16"><span class='ocrx_word' id='word_1_7' title='bbox 104 406 142 450; x_wconf 91' lang='grc'>33</span> <span class='ocrx_word' id='word_1_8' title='bbox 158 391 303 451; x_wconf 86' lang='lat' dir='ltr'>abstinet</span> <span class='ocrx_word' id='word_1_9' title='bbox 318 393 454 466; x_wconf 91' lang='lat' dir='ltr'>propter</span> <span class='ocrx_word' id='word_1_10' title='bbox 472 390 652 450; x_wconf 88' lang='lat' dir='ltr'>minitantis</span> <span class='ocrx_word' id='word_1_11' title='bbox 670 391 820 462; x_wconf 89' lang='lat' dir='ltr'>verbera,</span> <span class='ocrx_word' id='word_1_12' title='bbox 840 391 874 452; x_wconf 91' lang='lat' dir='ltr'>id</span> <span class='ocrx_word' id='word_1_13' title='bbox 889 408 956 452; x_wconf 92' lang='lat' dir='ltr'>non</span> <span class='ocrx_word' id='word_1_14' title='bbox 976 398 1067 457; x_wconf 87' lang='lat' dir='ltr'>venit</span> <span class='ocrx_word' id='word_1_15' title='bbox 1081 413 1122 458; x_wconf 85' lang='lat' dir='ltr'>ex</span> 
     </span>
     <span class='ocr_line' id='line_1_3' title="bbox 103 469 1123 552; baseline 0.008 -22"><span class='ocrx_word' id='word_1_16' title='bbox 103 469 209 531; x_wconf 91' lang='lat' dir='ltr'>libera</span> <span class='ocrx_word' id='word_1_17' title='bbox 229 470 400 541; x_wconf 80' lang='lat' dir='ltr'>electione,</span> <span class='ocrx_word' id='word_1_18' title='bbox 422 469 482 529; x_wconf 91' lang='lat' dir='ltr'>sed</span> <span class='ocrx_word' id='word_1_19' title='bbox 502 485 544 529; x_wconf 88' lang='lat' dir='ltr'>ex</span> <span class='ocrx_word' id='word_1_20' title='bbox 564 485 602 532; x_wconf 92' lang='lat' dir='ltr'>eo</span> <span class='ocrx_word' id='word_1_21' title='bbox 624 471 715 548; x_wconf 90' lang='lat' dir='ltr'>quod</span> <span class='ocrx_word' id='word_1_22' title='bbox 735 473 831 531; x_wconf 89' lang='lat' dir='ltr'>timor</span> <span class='ocrx_word' id='word_1_23' title='bbox 846 472 919 552; x_wconf 91' lang='lat' dir='ltr'>ejus</span> <span class='ocrx_word' id='word_1_24' title='bbox 936 478 1123 552; x_wconf 83' lang='lat' dir='ltr'>appetitum</span> 
     </span>
     <span class='ocr_line' id='line_1_4' title="bbox 104 547 790 625; baseline -0.003 -14"><span class='ocrx_word' id='word_1_25' title='bbox 104 549 271 611; x_wconf 89' lang='lat' dir='ltr'>efficacius</span> <span class='ocrx_word' id='word_1_26' title='bbox 285 554 397 609; x_wconf 91' lang='lat' dir='ltr'>movet</span> <span class='ocrx_word' id='word_1_27' title='bbox 412 565 510 625; x_wconf 89' lang='lat' dir='ltr'>quam</span> <span class='ocrx_word' id='word_1_28' title='bbox 527 547 699 610; x_wconf 75' lang='lat' dir='ltr'>delectatio</span> <span class='ocrx_word' id='word_1_29' title='bbox 716 551 790 611; x_wconf 93' lang='lat' dir='ltr'>cibi.</span> 
     </span>
    </p>

    <p class='ocr_par' dir='ltr' id='par_1_3' title="bbox 97 629 1123 1251">
     <span class='ocr_line' id='line_1_5' title="bbox 143 629 1122 709; baseline 0.003 -18"><span class='ocrx_word' id='word_1_30' title='bbox 143 630 276 691; x_wconf 77' lang='lat' dir='ltr'>Certum</span> <span class='ocrx_word' id='word_1_31' title='bbox 292 634 342 690; x_wconf 92' lang='lat' dir='ltr'>est</span> <span class='ocrx_word' id='word_1_32' title='bbox 355 631 386 690; x_wconf 75' lang='lat'>2⁰</span> <span class='ocrx_word' id='word_1_33' title='bbox 399 629 584 689; x_wconf 89' lang='lat' dir='ltr'>libertatem</span> <span class='ocrx_word' id='word_1_34' title='bbox 599 644 668 690; x_wconf 91' lang='lat' dir='ltr'>non</span> <span class='ocrx_word' id='word_1_35' title='bbox 684 647 756 691; x_wconf 92' lang='lat' dir='ltr'>esse</span> <span class='ocrx_word' id='word_1_36' title='bbox 773 636 881 691; x_wconf 90' lang='lat' dir='ltr'>actum</span> <span class='ocrx_word' id='word_1_37' title='bbox 895 633 949 693; x_wconf 90' lang='lat' dir='ltr'>vel</span> <span class='ocrx_word' id='word_1_38' title='bbox 963 633 1122 709; x_wconf 78' lang='lat' dir='ltr'>habbum,</span> 
     </span>
     <span class='ocr_line' id='line_1_6' title="bbox 103 710 1123 786; baseline 0.009 -19"><span class='ocrx_word' id='word_1_39' title='bbox 103 723 181 772; x_wconf 89' lang='lat' dir='ltr'>nam</span> <span class='ocrx_word' id='word_1_40' title='bbox 203 710 298 770; x_wconf 92' lang='lat' dir='ltr'>nobis</span> <span class='ocrx_word' id='word_1_41' title='bbox 322 710 407 768; x_wconf 91' lang='lat' dir='ltr'>inest</span> <span class='ocrx_word' id='word_1_42' title='bbox 432 724 451 768; x_wconf 89' lang='lat' dir='ltr'>a</span> <span class='ocrx_word' id='word_1_43' title='bbox 474 715 589 769; x_wconf 87' lang='lat' dir='ltr'>natura</span> <span class='ocrx_word' id='word_1_44' title='bbox 608 726 729 786; x_wconf 89' lang='lat' dir='ltr'>:porro</span> <span class='ocrx_word' id='word_1_45' title='bbox 755 725 823 771; x_wconf 94' lang='lat' dir='ltr'>non</span> <span class='ocrx_word' id='word_1_46' title='bbox 843 711 940 773; x_wconf 90' lang='lat' dir='ltr'>datur</span> <span class='ocrx_word' id='word_1_47' title='bbox 959 720 1051 774; x_wconf 91' lang='grc'>33133</span> <span class='ocrx_word' id='word_1_48' title='bbox 1069 717 1123 776; x_wconf 90' lang='grc'>331</span> 
     </span>
     <span class='ocr_line' id='line_1_7' title="bbox 102 789 1120 869; baseline 0.008 -21"><span class='ocrx_word' id='word_1_49' title='bbox 102 789 233 852; x_wconf 89' lang='lat' dir='ltr'>habitus</span> <span class='ocrx_word' id='word_1_50' title='bbox 248 807 267 850; x_wconf 93' lang='lat' dir='ltr'>a</span> <span class='ocrx_word' id='word_1_51' title='bbox 281 793 398 850; x_wconf 88' lang='lat' dir='ltr'>natura</span> <span class='ocrx_word' id='word_1_52' title='bbox 413 790 508 848; x_wconf 92' lang='lat' dir='ltr'>unice</span> <span class='ocrx_word' id='word_1_53' title='bbox 528 789 787 866; x_wconf 88' lang='lat' dir='ltr'>proficiscentes.</span> <span class='ocrx_word' id='word_1_54' title='bbox 810 792 923 869; x_wconf 89' lang='lat' dir='ltr'>ltaque</span> <span class='ocrx_word' id='word_1_55' title='bbox 945 810 1019 853; x_wconf 91' lang='lat' dir='ltr'>cum</span> <span class='ocrx_word' id='word_1_56' title='bbox 1037 795 1120 856; x_wconf 91' lang='lat' dir='ltr'>iibe-</span> 
     </span>
     <span class='ocr_line' id='line_1_8' title="bbox 102 870 1120 946; baseline 0.007 -17"><span class='ocrx_word' id='word_1_57' title='bbox 102 885 175 930; x_wconf 88' lang='lat' dir='ltr'>rum</span> <span class='ocrx_word' id='word_1_58' title='bbox 189 870 358 930; x_wconf 77' lang='lat' dir='ltr'>arbitrium</span> <span class='ocrx_word' id='word_1_59' title='bbox 378 885 419 928; x_wconf 84' lang='lat' dir='ltr'>ex</span> <span class='ocrx_word' id='word_1_60' title='bbox 437 884 504 928; x_wconf 94' lang='lat' dir='ltr'>una</span> <span class='ocrx_word' id='word_1_61' title='bbox 523 875 616 946; x_wconf 87' lang='lat' dir='ltr'>parte</span> <span class='ocrx_word' id='word_1_62' title='bbox 630 887 699 930; x_wconf 93' lang='lat' dir='ltr'>non</span> <span class='ocrx_word' id='word_1_63' title='bbox 713 870 897 932; x_wconf 88' lang='lat' dir='ltr'>inveniatur</span> <span class='ocrx_word' id='word_1_64' title='bbox 915 873 975 932; x_wconf 84' lang='lat' dir='ltr'>nisi</span> <span class='ocrx_word' id='word_1_65' title='bbox 995 874 1052 937; x_wconf 92' lang='lat' dir='ltr'>ubi</span> <span class='ocrx_word' id='word_1_66' title='bbox 1066 891 1120 936; x_wconf 91' lang='lat' dir='ltr'>re·</span> 
     </span>
     <span class='ocr_line' id='line_1_9' title="bbox 99 949 1122 1026; baseline 0.008 -17"><span class='ocrx_word' id='word_1_67' title='bbox 99 950 276 1026; x_wconf 90' lang='lat' dir='ltr'>periuntur</span> <span class='ocrx_word' id='word_1_68' title='bbox 290 955 380 1010; x_wconf 90' lang='grc'>33133</span> <span class='ocrx_word' id='word_1_69' title='bbox 400 949 586 1010; x_wconf 87' lang='lat' dir='ltr'>intellectus</span> <span class='ocrx_word' id='word_1_70' title='bbox 608 957 640 1010; x_wconf 91' lang='grc'>31</span> <span class='ocrx_word' id='word_1_71' title='bbox 660 951 847 1023; x_wconf 72' lang='lat' dir='ltr'>voluntatis</span> <span class='ocrx_word' id='word_1_72' title='bbox 870 969 911 1012; x_wconf 87' lang='lat' dir='ltr'>ex</span> <span class='ocrx_word' id='word_1_73' title='bbox 924 953 1036 1026; x_wconf 89' lang='lat' dir='ltr'>altera,</span> <span class='ocrx_word' id='word_1_74' title='bbox 1052 971 1122 1016; x_wconf 93' lang='lat' dir='ltr'>non</span> 
     </span>
     <span class='ocr_line' id='line_1_10' title="bbox 99 1026 1120 1105; baseline 0.008 -17"><span class='ocrx_word' id='word_1_75' title='bbox 99 1030 143 1088; x_wconf 90' lang='lat' dir='ltr'>sit</span> <span class='ocrx_word' id='word_1_76' title='bbox 161 1029 311 1105; x_wconf 87' lang='lat' dir='ltr'>potentia</span> <span class='ocrx_word' id='word_1_77' title='bbox 335 1031 375 1088; x_wconf 89' lang='lat' dir='ltr'>ab</span> <span class='ocrx_word' id='word_1_78' title='bbox 395 1029 464 1088; x_wconf 87' lang='lat' dir='ltr'>istis</span> <span class='ocrx_word' id='word_1_79' title='bbox 482 1026 694 1091; x_wconf 88' lang='lat' dir='ltr'>facultatibus</span> <span class='ocrx_word' id='word_1_80' title='bbox 715 1029 856 1103; x_wconf 88' lang='lat' dir='ltr'>diversa,</span> <span class='ocrx_word' id='word_1_81' title='bbox 875 1032 1048 1096; x_wconf 90' lang='lat' dir='ltr'>manifesto</span> <span class='ocrx_word' id='word_1_82' title='bbox 1069 1051 1120 1096; x_wconf 89' lang='lat' dir='ltr'>se·</span> 
     </span>
     <span class='ocr_line' id='line_1_11' title="bbox 100 1108 1121 1188; baseline 0.007 -19"><span class='ocrx_word' id='word_1_83' title='bbox 100 1111 214 1185; x_wconf 88' lang='lat' dir='ltr'>quitur</span> <span class='ocrx_word' id='word_1_84' title='bbox 228 1109 416 1188; x_wconf 89' lang='lat' dir='ltr'>subjectum</span> <span class='ocrx_word' id='word_1_85' title='bbox 429 1108 589 1170; x_wconf 85' lang='lat' dir='ltr'>libertatis</span> <span class='ocrx_word' id='word_1_86' title='bbox 604 1126 671 1169; x_wconf 91' lang='lat' dir='ltr'>non</span> <span class='ocrx_word' id='word_1_87' title='bbox 688 1125 762 1170; x_wconf 87' lang='lat' dir='ltr'>esse</span> <span class='ocrx_word' id='word_1_88' title='bbox 773 1111 835 1170; x_wconf 91' lang='lat' dir='ltr'>nisi</span> <span class='ocrx_word' id='word_1_89' title='bbox 848 1112 1053 1174; x_wconf 90' lang='lat' dir='ltr'>intellectum</span> <span class='ocrx_word' id='word_1_90' title='bbox 1067 1115 1121 1176; x_wconf 90' lang='lat' dir='ltr'>vel</span> 
     </span>
     <span class='ocr_line' id='line_1_12' title="bbox 97 1189 316 1251; baseline -0.009 -1"><span class='ocrx_word' id='word_1_91' title='bbox 97 1189 316 1251; x_wconf 88' lang='lat' dir='ltr'>voluntatem.</span> 
     </span>
    </p>
   </div>
   <div class='ocr_carea' id='block_1_3' title="bbox 95 1312 1121 1456">
    <p class='ocr_par' dir='ltr' id='par_1_4' title="bbox 95 1312 1121 1456">
     <span class='ocr_line' id='line_1_13' title="bbox 95 1312 1121 1391; baseline 0.006 -16"><span class='ocrx_word' id='word_1_92' title='bbox 95 1312 147 1375; x_wconf 88' lang='lat'>35.</span> <span class='ocrx_word' id='word_1_93' title='bbox 178 1348 219 1358; x_wconf 91' lang='lat'>—</span> <span class='ocrx_word' id='word_1_94' title='bbox 253 1313 416 1374; x_wconf 74' lang='grc'>13333311.</span> <span class='ocrx_word' id='word_1_95' title='bbox 447 1314 591 1375; x_wconf 76' lang='lat' dir='ltr'>libertas</span> <span class='ocrx_word' id='word_1_96' title='bbox 614 1316 752 1390; x_wconf 81' lang='lat' dir='ltr'>proprie</span> <span class='ocrx_word' id='word_1_97' title='bbox 779 1321 807 1374; x_wconf 92' lang='lat' dir='ltr'>et</span> <span class='ocrx_word' id='word_1_98' title='bbox 841 1316 1029 1391; x_wconf 80' lang='lat' dir='ltr'>formaliter</span> <span class='ocrx_word' id='word_1_99' title='bbox 1054 1336 1121 1381; x_wconf 88' lang='lat' dir='ltr'>non</span> 
     </span>
     <span class='ocr_line' id='line_1_14' title="bbox 137 1393 504 1456; baseline -0.003 -4"><span class='ocrx_word' id='word_1_100' title='bbox 137 1396 257 1456; x_wconf 78' lang='lat' dir='ltr'>residet</span> <span class='ocrx_word' id='word_1_101' title='bbox 272 1395 306 1453; x_wconf 87' lang='lat' dir='ltr'>in</span> <span class='ocrx_word' id='word_1_102' title='bbox 327 1393 504 1453; x_wconf 84' lang='lat' dir='ltr'>intellectu.</span> 
     </span>
    </p>
   </div>
   <div class='ocr_carea' id='block_1_4' title="bbox 43 1509 1146 3026">
    <p class='ocr_par' dir='ltr' id='par_1_5' title="bbox 93 1509 1146 2704">
     <span class='ocr_line' id='line_1_15' title="bbox 137 1509 1146 1589; baseline 0.006 -21"><span class='ocrx_word' id='word_1_103' title='bbox 137 1510 304 1569; x_wconf 80' lang='lat' dir='ltr'>Probatur</span> <span class='ocrx_word' id='word_1_104' title='bbox 330 1511 368 1569; x_wconf 83' lang='lat' dir='ltr'>l0.</span> <span class='ocrx_word' id='word_1_105' title='bbox 397 1509 543 1569; x_wconf 77' lang='lat' dir='ltr'>facultas</span> <span class='ocrx_word' id='word_1_106' title='bbox 567 1524 638 1585; x_wconf 77' lang='lat' dir='ltr'>quae</span> <span class='ocrx_word' id='word_1_107' title='bbox 662 1513 715 1579; x_wconf 90' lang='grc'>331</span> <span class='ocrx_word' id='word_1_108' title='bbox 739 1510 925 1589; x_wconf 91' lang='lat' dir='ltr'>subjectum</span> <span class='ocrx_word' id='word_1_109' title='bbox 947 1511 1119 1586; x_wconf 70' lang='lat' dir='ltr'>libertatis</span> <span class='ocrx_word' id='word_1_110' title='bbox 1139 1517 1146 1529; x_wconf 86' lang='lat'>&#39;</span> 
     </span>
     <span class='ocr_line' id='line_1_16' title="bbox 96 1587 1119 1671; baseline 0.003 -21"><span class='ocrx_word' id='word_1_111' title='bbox 96 1592 223 1664; x_wconf 87' lang='lat' dir='ltr'>potest,</span> <span class='ocrx_word' id='word_1_112' title='bbox 246 1588 359 1665; x_wconf 91' lang='lat' dir='ltr'>positis</span> <span class='ocrx_word' id='word_1_113' title='bbox 381 1587 533 1648; x_wconf 91' lang='lat' dir='ltr'>omnibus</span> <span class='ocrx_word' id='word_1_114' title='bbox 555 1587 598 1648; x_wconf 91' lang='lat' dir='ltr'>ad</span> <span class='ocrx_word' id='word_1_115' title='bbox 623 1587 795 1667; x_wconf 79' lang='lat' dir='ltr'>agendum</span> <span class='ocrx_word' id='word_1_116' title='bbox 816 1592 993 1667; x_wconf 71' lang='lat' dir='ltr'>requisitis</span> <span class='ocrx_word' id='word_1_117' title='bbox 1018 1608 1119 1671; x_wconf 83' lang='lat' dir='ltr'>agere</span> 
     </span>
     <span class='ocr_line' id='line_1_17' title="bbox 95 1667 1120 1746; baseline 0.004 -18"><span class='ocrx_word' id='word_1_118' title='bbox 95 1668 152 1729; x_wconf 89' lang='lat' dir='ltr'>vel</span> <span class='ocrx_word' id='word_1_119' title='bbox 175 1684 243 1729; x_wconf 92' lang='lat' dir='ltr'>non</span> <span class='ocrx_word' id='word_1_120' title='bbox 265 1685 378 1746; x_wconf 85' lang='lat' dir='ltr'>agere,</span> <span class='ocrx_word' id='word_1_121' title='bbox 401 1667 674 1745; x_wconf 85' lang='lat' dir='ltr'>quandoquidem</span> <span class='ocrx_word' id='word_1_122' title='bbox 695 1669 729 1728; x_wconf 92' lang='lat' dir='ltr'>in</span> <span class='ocrx_word' id='word_1_123' title='bbox 750 1670 814 1730; x_wconf 91' lang='lat' dir='ltr'>boc</span> <span class='ocrx_word' id='word_1_124' title='bbox 837 1672 986 1732; x_wconf 83' lang='lat' dir='ltr'>consistit</span> <span class='ocrx_word' id='word_1_125' title='bbox 1007 1687 1120 1732; x_wconf 91' lang='lat' dir='ltr'>essen-</span> 
     </span>
     <span class='ocr_line' id='line_1_18' title="bbox 98 1748 1119 1824; baseline 0.006 -16"><span class='ocrx_word' id='word_1_126' title='bbox 98 1748 140 1808; x_wconf 89' lang='lat' dir='ltr'>tia</span> <span class='ocrx_word' id='word_1_127' title='bbox 177 1748 348 1809; x_wconf 80' lang='lat' dir='ltr'>libertatis.</span> <span class='ocrx_word' id='word_1_128' title='bbox 383 1748 480 1824; x_wconf 88' lang='lat' dir='ltr'>Atqui</span> <span class='ocrx_word' id='word_1_129' title='bbox 511 1748 702 1808; x_wconf 89' lang='lat' dir='ltr'>intellectus</span> <span class='ocrx_word' id='word_1_130' title='bbox 733 1748 774 1809; x_wconf 88' lang='lat' dir='ltr'>ita</span> <span class='ocrx_word' id='word_1_131' title='bbox 809 1749 1047 1812; x_wconf 88' lang='lat' dir='ltr'>determinatur</span> <span class='ocrx_word' id='word_1_132' title='bbox 1077 1753 1119 1814; x_wconf 89' lang='lat' dir='ltr'>ab</span> 
     </span>
     <span class='ocr_line' id='line_1_19' title="bbox 97 1827 1118 1905; baseline 0.005 -18"><span class='ocrx_word' id='word_1_133' title='bbox 97 1827 243 1905; x_wconf 63' lang='lat' dir='ltr'>objecta</span> <span class='ocrx_word' id='word_1_134' title='bbox 271 1833 307 1888; x_wconf 88' lang='lat' dir='ltr'>ui</span> <span class='ocrx_word' id='word_1_135' title='bbox 333 1827 523 1888; x_wconf 90' lang='lat' dir='ltr'>necessario</span> <span class='ocrx_word' id='word_1_136' title='bbox 550 1827 630 1888; x_wconf 87' lang='lat' dir='ltr'>iliud</span> <span class='ocrx_word' id='word_1_137' title='bbox 658 1828 901 1904; x_wconf 89' lang='lat' dir='ltr'>apprehendat;</span> <span class='ocrx_word' id='word_1_138' title='bbox 931 1832 1118 1892; x_wconf 89' lang='lat' dir='ltr'>intellectus</span> 
     </span>
     <span class='ocr_line' id='line_1_20' title="bbox 97 1908 1118 1988; baseline 0.007 -21"><span class='ocrx_word' id='word_1_139' title='bbox 97 1909 188 1968; x_wconf 91' lang='lat' dir='ltr'>enim</span> <span class='ocrx_word' id='word_1_140' title='bbox 208 1923 277 1968; x_wconf 92' lang='lat' dir='ltr'>non</span> <span class='ocrx_word' id='word_1_141' title='bbox 300 1911 350 1968; x_wconf 89' lang='lat' dir='ltr'>est</span> <span class='ocrx_word' id='word_1_142' title='bbox 370 1908 453 1968; x_wconf 92' lang='lat' dir='ltr'>liber</span> <span class='ocrx_word' id='word_1_143' title='bbox 473 1923 583 1984; x_wconf 91' lang='lat' dir='ltr'>neque</span> <span class='ocrx_word' id='word_1_144' title='bbox 607 1908 718 1984; x_wconf 90' lang='lat' dir='ltr'>quoad</span> <span class='ocrx_word' id='word_1_145' title='bbox 740 1910 1018 1984; x_wconf 68' lang='lat' dir='ltr'>specificationem,</span> <span class='ocrx_word' id='word_1_146' title='bbox 1042 1913 1118 1988; x_wconf 90' lang='lat' dir='ltr'>quia</span> 
     </span>
     <span class='ocr_line' id='line_1_21' title="bbox 97 1986 1116 2064; baseline 0.005 -17"><span class='ocrx_word' id='word_1_147' title='bbox 97 2001 139 2047; x_wconf 84' lang='lat' dir='ltr'>ex</span> <span class='ocrx_word' id='word_1_148' title='bbox 168 1991 285 2048; x_wconf 89' lang='lat' dir='ltr'>natura</span> <span class='ocrx_word' id='word_1_149' title='bbox 307 2004 367 2048; x_wconf 88' lang='grc'>333</span> <span class='ocrx_word' id='word_1_150' title='bbox 392 1986 631 2048; x_wconf 88' lang='lat' dir='ltr'>determinatus</span> <span class='ocrx_word' id='word_1_151' title='bbox 666 1992 718 2048; x_wconf 90' lang='lat' dir='ltr'>est</span> <span class='ocrx_word' id='word_1_152' title='bbox 738 1995 774 2049; x_wconf 88' lang='lat' dir='ltr'>ut</span> <span class='ocrx_word' id='word_1_153' title='bbox 785 1987 956 2050; x_wconf 85' lang='lat' dir='ltr'>dissentiat</span> <span class='ocrx_word' id='word_1_154' title='bbox 981 2008 999 2051; x_wconf 92' lang='lat' dir='ltr'>a</span> <span class='ocrx_word' id='word_1_155' title='bbox 1020 1988 1116 2064; x_wconf 78' lang='grc'>13133,</span> 
     </span>
     <span class='ocr_line' id='line_1_22' title="bbox 95 2067 1117 2146; baseline 0.007 -20"><span class='ocrx_word' id='word_1_156' title='bbox 95 2080 209 2145; x_wconf 88' lang='lat' dir='ltr'>neque</span> <span class='ocrx_word' id='word_1_157' title='bbox 233 2067 343 2146; x_wconf 90' lang='lat' dir='ltr'>quoad</span> <span class='ocrx_word' id='word_1_158' title='bbox 369 2068 570 2142; x_wconf 66' lang='lat' dir='ltr'>coercitione,</span> <span class='ocrx_word' id='word_1_159' title='bbox 600 2070 676 2146; x_wconf 91' lang='lat' dir='ltr'>quia</span> <span class='ocrx_word' id='word_1_160' title='bbox 698 2073 792 2130; x_wconf 92' lang='lat' dir='ltr'>actus</span> <span class='ocrx_word' id='word_1_161' title='bbox 823 2070 1021 2144; x_wconf 89' lang='lat' dir='ltr'>intellectus,</span> <span class='ocrx_word' id='word_1_162' title='bbox 1048 2087 1117 2133; x_wconf 94' lang='lat' dir='ltr'>non</span> 
     </span>
     <span class='ocr_line' id='line_1_23' title="bbox 95 2148 1115 2225; baseline 0.005 -17"><span class='ocrx_word' id='word_1_163' title='bbox 95 2164 194 2209; x_wconf 89' lang='lat' dir='ltr'>secus</span> <span class='ocrx_word' id='word_1_164' title='bbox 218 2165 255 2207; x_wconf 94' lang='grc'>33</span> <span class='ocrx_word' id='word_1_165' title='bbox 281 2148 433 2225; x_wconf 86' lang='lat' dir='ltr'>potentiae</span> <span class='ocrx_word' id='word_1_166' title='bbox 454 2148 561 2209; x_wconf 84' lang='lat' dir='ltr'>visivae</span> <span class='ocrx_word' id='word_1_167' title='bbox 584 2149 745 2225; x_wconf 90' lang='lat' dir='ltr'>operatio,</span> <span class='ocrx_word' id='word_1_168' title='bbox 772 2164 839 2210; x_wconf 95' lang='lat' dir='ltr'>non</span> <span class='ocrx_word' id='word_1_169' title='bbox 866 2156 916 2211; x_wconf 91' lang='lat' dir='ltr'>est</span> <span class='ocrx_word' id='word_1_170' title='bbox 937 2153 1115 2213; x_wconf 84' lang='lat' dir='ltr'>intrinsece</span> 
     </span>
     <span class='ocr_line' id='line_1_24' title="bbox 94 2228 1117 2308; baseline 0.004 -20"><span class='ocrx_word' id='word_1_171' title='bbox 94 2228 318 2300; x_wconf 89' lang='lat' dir='ltr'>voluntarius;</span> <span class='ocrx_word' id='word_1_172' title='bbox 341 2244 438 2305; x_wconf 92' lang='lat' dir='ltr'>porro</span> <span class='ocrx_word' id='word_1_173' title='bbox 464 2228 553 2288; x_wconf 91' lang='lat' dir='ltr'>nulla</span> <span class='ocrx_word' id='word_1_174' title='bbox 575 2228 734 2305; x_wconf 85' lang='lat' dir='ltr'>potentia,</span> <span class='ocrx_word' id='word_1_175' title='bbox 751 2229 845 2308; x_wconf 89' lang='lat' dir='ltr'>eujus</span> <span class='ocrx_word' id='word_1_176' title='bbox 867 2235 959 2290; x_wconf 89' lang='lat' dir='ltr'>actus</span> <span class='ocrx_word' id='word_1_177' title='bbox 979 2247 1045 2291; x_wconf 93' lang='lat' dir='ltr'>non</span> <span class='ocrx_word' id='word_1_178' title='bbox 1066 2237 1117 2293; x_wconf 90' lang='grc'>331</span> 
     </span>
     <span class='ocr_line' id='line_1_25' title="bbox 93 2308 1117 2383; baseline 0.006 -16"><span class='ocrx_word' id='word_1_179' title='bbox 93 2311 266 2368; x_wconf 80' lang='lat' dir='ltr'>intrinsece</span> <span class='ocrx_word' id='word_1_180' title='bbox 301 2308 514 2377; x_wconf 88' lang='lat' dir='ltr'>voluntarius,</span> <span class='ocrx_word' id='word_1_181' title='bbox 548 2312 658 2383; x_wconf 87' lang='lat' dir='ltr'>potest</span> <span class='ocrx_word' id='word_1_182' title='bbox 691 2309 764 2368; x_wconf 88' lang='lat' dir='ltr'>esse</span> <span class='ocrx_word' id='word_1_183' title='bbox 799 2308 979 2371; x_wconf 81' lang='lat' dir='ltr'>formaliter</span> <span class='ocrx_word' id='word_1_184' title='bbox 1011 2311 1117 2373; x_wconf 90' lang='lat' dir='ltr'>libera</span> 
     </span>
     <span class='ocr_line' id='line_1_26' title="bbox 94 2386 1116 2467; baseline 0.006 -20"><span class='ocrx_word' id='word_1_185' title='bbox 94 2387 209 2464; x_wconf 89' lang='lat' dir='ltr'>quoad</span> <span class='ocrx_word' id='word_1_186' title='bbox 240 2390 460 2449; x_wconf 87' lang='lat' dir='ltr'>exercitium:</span> <span class='ocrx_word' id='word_1_187' title='bbox 489 2386 718 2449; x_wconf 84' lang='lat' dir='ltr'>determinatio</span> <span class='ocrx_word' id='word_1_188' title='bbox 742 2388 933 2467; x_wconf 84' lang='lat' dir='ltr'>hujusmodi</span> <span class='ocrx_word' id='word_1_189' title='bbox 962 2392 1116 2465; x_wconf 79' lang='lat' dir='ltr'>potentie</span> 
     </span>
     <span class='ocr_line' id='line_1_27' title="bbox 93 2466 1117 2544; baseline 0.005 -17"><span class='ocrx_word' id='word_1_190' title='bbox 93 2483 163 2527; x_wconf 93' lang='lat' dir='ltr'>non</span> <span class='ocrx_word' id='word_1_191' title='bbox 192 2471 303 2544; x_wconf 90' lang='lat' dir='ltr'>potest</span> <span class='ocrx_word' id='word_1_192' title='bbox 327 2484 401 2528; x_wconf 91' lang='lat' dir='ltr'>esse</span> <span class='ocrx_word' id='word_1_193' title='bbox 422 2466 485 2527; x_wconf 88' lang='lat' dir='ltr'>nisi</span> <span class='ocrx_word' id='word_1_194' title='bbox 507 2468 560 2527; x_wconf 91' lang='lat' dir='ltr'>vel</span> <span class='ocrx_word' id='word_1_195' title='bbox 588 2482 607 2526; x_wconf 89' lang='lat' dir='ltr'>a</span> <span class='ocrx_word' id='word_1_196' title='bbox 628 2472 745 2528; x_wconf 89' lang='lat' dir='ltr'>natura</span> <span class='ocrx_word' id='word_1_197' title='bbox 766 2469 819 2530; x_wconf 93' lang='lat' dir='ltr'>vel</span> <span class='ocrx_word' id='word_1_198' title='bbox 840 2485 859 2529; x_wconf 93' lang='lat' dir='ltr'>a</span> <span class='ocrx_word' id='word_1_199' title='bbox 879 2469 1057 2542; x_wconf 86' lang='lat' dir='ltr'>voluntate,</span> <span class='ocrx_word' id='word_1_200' title='bbox 1083 2476 1117 2532; x_wconf 91' lang='grc'>31</span> 
     </span>
     <span class='ocr_line' id='line_1_28' title="bbox 93 2547 1114 2628; baseline 0.004 -21"><span class='ocrx_word' id='word_1_201' title='bbox 93 2547 128 2607; x_wconf 92' lang='lat' dir='ltr'>in</span> <span class='ocrx_word' id='word_1_202' title='bbox 154 2551 273 2607; x_wconf 88' lang='lat' dir='ltr'>neutro</span> <span class='ocrx_word' id='word_1_203' title='bbox 301 2562 380 2607; x_wconf 90' lang='lat' dir='ltr'>casu</span> <span class='ocrx_word' id='word_1_204' title='bbox 412 2552 500 2607; x_wconf 88' lang='grc'>33331</span> <span class='ocrx_word' id='word_1_205' title='bbox 526 2547 637 2617; x_wconf 88' lang='lat' dir='ltr'>libera,</span> <span class='ocrx_word' id='word_1_206' title='bbox 667 2552 704 2607; x_wconf 91' lang='grc'>31</span> <span class='ocrx_word' id='word_1_207' title='bbox 734 2564 795 2623; x_wconf 93' lang='lat' dir='ltr'>per</span> <span class='ocrx_word' id='word_1_208' title='bbox 821 2564 857 2608; x_wconf 92' lang='lat' dir='ltr'>se</span> <span class='ocrx_word' id='word_1_209' title='bbox 883 2550 999 2626; x_wconf 91' lang='lat' dir='ltr'>liquet.</span> <span class='ocrx_word' id='word_1_210' title='bbox 1028 2551 1114 2628; x_wconf 85' lang='lat' dir='ltr'>Ergo</span> 
     </span>
     <span class='ocr_line' id='line_1_29' title="bbox 93 2625 1112 2704; baseline 0.004 -17"><span class='ocrx_word' id='word_1_211' title='bbox 93 2626 231 2687; x_wconf 87' lang='lat' dir='ltr'>libertas</span> <span class='ocrx_word' id='word_1_212' title='bbox 253 2628 385 2704; x_wconf 92' lang='lat' dir='ltr'>proprie</span> <span class='ocrx_word' id='word_1_213' title='bbox 409 2630 442 2687; x_wconf 93' lang='lat' dir='ltr'>et</span> <span class='ocrx_word' id='word_1_214' title='bbox 463 2625 642 2687; x_wconf 88' lang='lat' dir='ltr'>formaliter</span> <span class='ocrx_word' id='word_1_215' title='bbox 663 2629 695 2686; x_wconf 92' lang='lat' dir='ltr'>in</span> <span class='ocrx_word' id='word_1_216' title='bbox 708 2628 880 2689; x_wconf 91' lang='lat' dir='ltr'>intellectu</span> <span class='ocrx_word' id='word_1_217' title='bbox 896 2645 962 2689; x_wconf 93' lang='lat' dir='ltr'>non</span> <span class='ocrx_word' id='word_1_218' title='bbox 976 2629 1112 2692; x_wconf 81' lang='lat' dir='ltr'>residet.</span> 
     </span>
    </p>

    <p class='ocr_par' dir='ltr' id='par_1_6' title="bbox 43 2705 1113 3026">
     <span class='ocr_line' id='line_1_30' title="bbox 134 2705 1113 2783; baseline 0.002 -16"><span class='ocrx_word' id='word_1_219' title='bbox 134 2707 300 2767; x_wconf 84' lang='lat' dir='ltr'>Probatur</span> <span class='ocrx_word' id='word_1_220' title='bbox 333 2708 375 2767; x_wconf 77' lang='lat'>2⁰.</span> <span class='ocrx_word' id='word_1_221' title='bbox 409 2706 442 2766; x_wconf 89' lang='lat' dir='ltr'>Si</span> <span class='ocrx_word' id='word_1_222' title='bbox 470 2706 659 2767; x_wconf 90' lang='lat' dir='ltr'>intellectus</span> <span class='ocrx_word' id='word_1_223' title='bbox 691 2705 869 2769; x_wconf 89' lang='lat' dir='ltr'>formaliter</span> <span class='ocrx_word' id='word_1_224' title='bbox 899 2713 988 2769; x_wconf 93' lang='lat' dir='ltr'>esset</span> <span class='ocrx_word' id='word_1_225' title='bbox 1016 2710 1113 2783; x_wconf 91' lang='lat' dir='ltr'>iiber,</span> 
     </span>
     <span class='ocr_line' id='line_1_31' title="bbox 93 2786 1113 2863; baseline 0.005 -18"><span class='ocrx_word' id='word_1_226' title='bbox 93 2791 304 2863; x_wconf 87' lang='lat' dir='ltr'>sequeretur,</span> <span class='ocrx_word' id='word_1_227' title='bbox 330 2788 359 2847; x_wconf 90' lang='grc' dir='ltr'>1ο</span> <span class='ocrx_word' id='word_1_228' title='bbox 376 2786 543 2847; x_wconf 92' lang='lat' dir='ltr'>bominem</span> <span class='ocrx_word' id='word_1_229' title='bbox 565 2802 705 2863; x_wconf 89' lang='lat' dir='ltr'>peccare</span> <span class='ocrx_word' id='word_1_230' title='bbox 726 2802 825 2863; x_wconf 90' lang='lat' dir='ltr'>posse</span> <span class='ocrx_word' id='word_1_231' title='bbox 840 2788 909 2849; x_wconf 91' lang='lat' dir='ltr'>solo</span> <span class='ocrx_word' id='word_1_232' title='bbox 929 2789 1113 2863; x_wconf 91' lang='lat' dir='ltr'>intellectu,</span> 
     </span>
     <span class='ocr_line' id='line_1_32' title="bbox 43 2866 1113 2945; baseline 0.007 -21"><span class='ocrx_word' id='word_1_233' title='bbox 43 2884 45 2890; x_wconf 93' lang='lat'>·</span> <span class='ocrx_word' id='word_1_234' title='bbox 95 2870 173 2926; x_wconf 90' lang='lat' dir='ltr'>ante</span> <span class='ocrx_word' id='word_1_235' title='bbox 208 2882 408 2928; x_wconf 90' lang='lat' dir='ltr'>consensum</span> <span class='ocrx_word' id='word_1_236' title='bbox 437 2867 627 2940; x_wconf 86' lang='lat' dir='ltr'>voluntatis;</span> <span class='ocrx_word' id='word_1_237' title='bbox 661 2868 694 2926; x_wconf 81' lang='lat'>2⁰</span> <span class='ocrx_word' id='word_1_238' title='bbox 723 2866 941 2945; x_wconf 82' lang='lat' dir='ltr'>ignorantiam</span> <span class='ocrx_word' id='word_1_239' title='bbox 977 2886 1113 2945; x_wconf 88' lang='lat' dir='ltr'>prorsus</span> 
     </span>
     <span class='ocr_line' id='line_1_33' title="bbox 93 2945 1113 3026; baseline 0.007 -23"><span class='ocrx_word' id='word_1_240' title='bbox 93 2945 345 3007; x_wconf 88' lang='lat' dir='ltr'>involuntariam</span> <span class='ocrx_word' id='word_1_241' title='bbox 382 2961 448 3006; x_wconf 93' lang='lat' dir='ltr'>non</span> <span class='ocrx_word' id='word_1_242' title='bbox 485 2962 644 3007; x_wconf 82' lang='lat' dir='ltr'>excusare</span> <span class='ocrx_word' id='word_1_243' title='bbox 678 2962 697 3007; x_wconf 90' lang='lat' dir='ltr'>a</span> <span class='ocrx_word' id='word_1_244' title='bbox 726 2952 876 3024; x_wconf 90' lang='lat' dir='ltr'>peccato.</span> <span class='ocrx_word' id='word_1_245' title='bbox 911 2950 1011 3026; x_wconf 82' lang='lat' dir='ltr'>Atqui</span> <span class='ocrx_word' id='word_1_246' title='bbox 1044 2949 1113 3010; x_wconf 85' lang='lat' dir='ltr'>haec</span> 
     </span>
    </p>
   </div>
   <div class='ocr_carea' id='block_1_5' title="bbox 93 3022 606 3104">
    <p class='ocr_par' dir='ltr' id='par_1_7' title="bbox 93 3022 606 3104">
     <span class='ocr_line' id='line_1_34' title="bbox 93 3022 606 3104; baseline 0.002 -19"><span class='ocrx_word' id='word_1_247' title='bbox 93 3027 204 3086; x_wconf 91' lang='lat' dir='ltr'>omnia</span> <span class='ocrx_word' id='word_1_248' title='bbox 225 3031 303 3086; x_wconf 91' lang='lat' dir='ltr'>sunt</span> <span class='ocrx_word' id='word_1_249' title='bbox 322 3022 414 3086; x_wconf 90' lang='lat' dir='ltr'>falsa.</span> <span class='ocrx_word' id='word_1_250' title='bbox 438 3027 534 3104; x_wconf 82' lang='lat' dir='ltr'>Ergo.</span> <span class='ocrx_word' id='word_1_251' title='bbox 604 3074 606 3078; x_wconf 93' lang='lat'>.</span> 
     </span>
    </p>
   </div>
   <div class='ocr_carea' id='block_1_6' title="bbox 92 3147 1112 3289">
    <p class='ocr_par' dir='ltr' id='par_1_8' title="bbox 92 3147 1112 3289">
     <span class='ocr_line' id='line_1_35' title="bbox 92 3147 1112 3224; baseline 0.005 -15"><span class='ocrx_word' id='word_1_252' title='bbox 92 3147 141 3209; x_wconf 82' lang='lat'>36.</span> <span class='ocrx_word' id='word_1_253' title='bbox 177 3182 216 3191; x_wconf 88' lang='lat'>-</span> <span class='ocrx_word' id='word_1_254' title='bbox 250 3150 358 3210; x_wconf 76' lang='lat' dir='ltr'>Tarsis</span> <span class='ocrx_word' id='word_1_255' title='bbox 393 3150 444 3210; x_wconf 93' lang='lat' dir='ltr'>lll.</span> <span class='ocrx_word' id='word_1_256' title='bbox 475 3150 619 3211; x_wconf 84' lang='lat' dir='ltr'>Libertas</span> <span class='ocrx_word' id='word_1_257' title='bbox 642 3149 831 3224; x_wconf 81' lang='lat' dir='ltr'>formaliter</span> <span class='ocrx_word' id='word_1_258' title='bbox 862 3156 891 3211; x_wconf 91' lang='lat' dir='ltr'>et</span> <span class='ocrx_word' id='word_1_259' title='bbox 924 3153 1112 3216; x_wconf 84' lang='lat' dir='ltr'>immediate</span> 
     </span>
     <span class='ocr_line' id='line_1_36' title="bbox 131 3229 558 3289; baseline 0.009 -4"><span class='ocrx_word' id='word_1_260' title='bbox 131 3229 250 3289; x_wconf 85' lang='lat' dir='ltr'>residet</span> <span class='ocrx_word' id='word_1_261' title='bbox 264 3231 297 3289; x_wconf 86' lang='lat' dir='ltr'>in</span> <span class='ocrx_word' id='word_1_262' title='bbox 310 3230 485 3289; x_wconf 85' lang='lat' dir='ltr'>uoluntate.</span> <span class='ocrx_word' id='word_1_263' title='bbox 555 3231 558 3237; x_wconf 86' lang='lat'>&#39;</span> 
     </span>
    </p>
   </div>
   <div class='ocr_carea' id='block_1_7' title="bbox 91 3340 1111 3745">
    <p class='ocr_par' dir='ltr' id='par_1_9' title="bbox 91 3340 1111 3662">
     <span class='ocr_line' id='line_1_37' title="bbox 131 3340 1111 3420; baseline 0.004 -17"><span class='ocrx_word' id='word_1_264' title='bbox 131 3342 227 3403; x_wconf 87' lang='lat' dir='ltr'>Nota.</span> <span class='ocrx_word' id='word_1_265' title='bbox 259 3342 328 3403; x_wconf 86' lang='lat' dir='ltr'>Haec</span> <span class='ocrx_word' id='word_1_266' title='bbox 357 3342 537 3419; x_wconf 88' lang='lat' dir='ltr'>propositio</span> <span class='ocrx_word' id='word_1_267' title='bbox 565 3340 633 3420; x_wconf 91' lang='lat' dir='ltr'>jam</span> <span class='ocrx_word' id='word_1_268' title='bbox 663 3345 701 3403; x_wconf 94' lang='lat' dir='ltr'>ut</span> <span class='ocrx_word' id='word_1_269' title='bbox 732 3342 939 3404; x_wconf 89' lang='lat' dir='ltr'>corollarium</span> <span class='ocrx_word' id='word_1_270' title='bbox 967 3341 1038 3405; x_wconf 85' lang='lat' dir='ltr'>fluit</span> <span class='ocrx_word' id='word_1_271' title='bbox 1069 3361 1111 3407; x_wconf 83' lang='lat' dir='ltr'>ex</span> 
     </span>
     <span class='ocr_line' id='line_1_38' title="bbox 92 3418 1110 3497; baseline 0.009 -18"><span class='ocrx_word' id='word_1_272' title='bbox 92 3420 286 3497; x_wconf 88' lang='lat' dir='ltr'>superiori:</span> <span class='ocrx_word' id='word_1_273' title='bbox 313 3436 390 3481; x_wconf 91' lang='lat' dir='ltr'>nam</span> <span class='ocrx_word' id='word_1_274' title='bbox 418 3422 445 3481; x_wconf 92' lang='lat' dir='ltr'>si</span> <span class='ocrx_word' id='word_1_275' title='bbox 472 3421 506 3481; x_wconf 92' lang='lat' dir='ltr'>in</span> <span class='ocrx_word' id='word_1_276' title='bbox 527 3422 699 3482; x_wconf 83' lang='lat' dir='ltr'>intellectu</span> <span class='ocrx_word' id='word_1_277' title='bbox 720 3418 864 3485; x_wconf 88' lang='lat' dir='ltr'>formalis</span> <span class='ocrx_word' id='word_1_278' title='bbox 890 3423 1020 3485; x_wconf 89' lang='lat' dir='ltr'>libertas</span> <span class='ocrx_word' id='word_1_279' title='bbox 1041 3438 1110 3488; x_wconf 90' lang='lat' dir='ltr'>non</span> 
     </span>
     <span class='ocr_line' id='line_1_39' title="bbox 93 3501 1110 3580; baseline 0.007 -20"><span class='ocrx_word' id='word_1_280' title='bbox 93 3506 152 3573; x_wconf 80' lang='lat' dir='ltr'>est,</span> <span class='ocrx_word' id='word_1_281' title='bbox 176 3516 319 3563; x_wconf 85' lang='lat' dir='ltr'>necesse</span> <span class='ocrx_word' id='word_1_282' title='bbox 341 3506 437 3562; x_wconf 90' lang='lat' dir='ltr'>estut</span> <span class='ocrx_word' id='word_1_283' title='bbox 459 3501 500 3561; x_wconf 91' lang='lat' dir='ltr'>sit</span> <span class='ocrx_word' id='word_1_284' title='bbox 514 3501 548 3562; x_wconf 93' lang='lat' dir='ltr'>in</span> <span class='ocrx_word' id='word_1_285' title='bbox 562 3504 742 3574; x_wconf 89' lang='lat' dir='ltr'>voluntate,</span> <span class='ocrx_word' id='word_1_286' title='bbox 759 3503 836 3579; x_wconf 91' lang='lat' dir='ltr'>quia</span> <span class='ocrx_word' id='word_1_287' title='bbox 850 3504 939 3564; x_wconf 90' lang='lat' dir='ltr'>nulla</span> <span class='ocrx_word' id='word_1_288' title='bbox 961 3507 1110 3580; x_wconf 89' lang='lat' dir='ltr'>potentia</span> 
     </span>
     <span class='ocr_line' id='line_1_40' title="bbox 91 3582 1041 3662; baseline 0.006 -23"><span class='ocrx_word' id='word_1_289' title='bbox 91 3587 209 3657; x_wconf 82' lang='lat' dir='ltr'>praeter</span> <span class='ocrx_word' id='word_1_290' title='bbox 228 3582 434 3643; x_wconf 88' lang='lat' dir='ltr'>voluntatem</span> <span class='ocrx_word' id='word_1_291' title='bbox 454 3582 663 3661; x_wconf 89' lang='lat' dir='ltr'>relinquitur,</span> <span class='ocrx_word' id='word_1_292' title='bbox 686 3583 720 3641; x_wconf 93' lang='lat' dir='ltr'>in</span> <span class='ocrx_word' id='word_1_293' title='bbox 742 3597 807 3658; x_wconf 92' lang='lat' dir='ltr'>qua</span> <span class='ocrx_word' id='word_1_294' title='bbox 830 3598 903 3644; x_wconf 91' lang='lat' dir='ltr'>esse</span> <span class='ocrx_word' id='word_1_295' title='bbox 925 3586 1041 3662; x_wconf 91' lang='lat' dir='ltr'>possit.</span> 
     </span>
    </p>

    <p class='ocr_par' dir='ltr' id='par_1_10' title="bbox 130 3658 1107 3745">
     <span class='ocr_line' id='line_1_41' title="bbox 130 3658 1107 3745; baseline 0.003 -22"><span class='ocrx_word' id='word_1_296' title='bbox 130 3662 303 3725; x_wconf 85' lang='lat' dir='ltr'>Probatur.</span> <span class='ocrx_word' id='word_1_297' title='bbox 342 3662 396 3723; x_wconf 90' lang='lat' dir='ltr'>illa</span> <span class='ocrx_word' id='word_1_298' title='bbox 421 3658 560 3723; x_wconf 89' lang='lat' dir='ltr'>facultas</span> <span class='ocrx_word' id='word_1_299' title='bbox 588 3665 639 3723; x_wconf 91' lang='lat' dir='ltr'>est</span> <span class='ocrx_word' id='word_1_300' title='bbox 662 3658 841 3724; x_wconf 84' lang='lat' dir='ltr'>formaliter</span> <span class='ocrx_word' id='word_1_301' title='bbox 869 3663 984 3741; x_wconf 89' lang='lat' dir='ltr'>libera,</span> <span class='ocrx_word' id='word_1_302' title='bbox 1012 3663 1107 3745; x_wconf 89' lang='lat' dir='ltr'>cujus</span> 
     </span>
    </p>
   </div>
   <div class='ocr_carea' id='block_1_8' title="bbox 0 0 1326 4250">
    <p class='ocr_par' dir='ltr' id='par_1_11' title="bbox 0 0 1326 4250">
     <span class='ocr_line' id='line_1_42' title="bbox 0 0 1326 4250; baseline 0 3"><span class='ocrx_word' id='word_1_303' title='bbox 0 0 1326 4250; x_wconf 95' lang='lat' dir='ltr'> </span> 
     </span>
    </p>
   </div>
  </div>
 </body>
</html>
