2642 4250
421 277 526 321 marca
543 275 702 322 sanemus.
1024 255 1081 319 195

55 391 243 470 participes
274 387 459 452 efficiuntur
487 390 626 469 hujusce
647 389 836 467 potestatis3
859 391 891 451 3⁰
911 389 939 450 si
958 391 1081 452 ltoma-

56 489 123 534 nus
146 469 297 534 Pontifex
327 471 369 531 ah
397 472 469 545 ipso
500 470 638 530 concilio
671 468 871 541 discederet,
893 468 962 546 J'am
991 469 1081 532 istud
1157 511 1160 516 -

57 567 255 631 supremam
286 556 318 611 et
345 549 565 611 universalem
599 547 865 628 jurisdictionem
902 552 1078 624 amitteret,

59 650 135 712 quae
160 638 228 693 tota
249 628 292 690 ad
313 628 502 691 Pontificem
521 628 647 691 rediret
667 648 675 688 :
698 629 794 690 Petro
817 629 916 703 enim,
946 641 983 690 ut
1003 647 1079 708 per·

59 730 153 774 sonae
173 709 342 788 singulari,
365 725 555 786 supremam
576 713 775 786 potestatem
794 710 893 770 nullis
918 709 1083 773 conditio-

59 795 163 854 nibus
183 791 350 869 alligatam
371 788 516 850 Christus
537 789 686 860 contulit,
709 805 781 866 quae
801 789 941 866 proinde
963 791 1081 855 abillo

62 873 174 950 capite
211 869 356 946 corporis
391 869 587 945 episcopalis
622 869 769 946 separari
803 872 930 946 nequit.
968 873 1082 949 ltaque

61 950 270 1031 impossibile
291 953 352 1020 est,
379 949 476 1027 juxta
506 949 679 1025 positivam
699 949 849 1010 Ecclesia
879 952 1083 1013 constitutio·

62 1049 154 1105 nem,
175 1034 213 1090 ut
242 1032 389 1106 potestas
419 1044 574 1105 suprema
604 1045 646 1088 ex
678 1032 744 1089 toto
772 1029 825 1089 vel
847 1044 889 1088 ex
909 1035 1016 1107 parte,
1039 1031 1082 1091 ab

64 1112 139 1173 aliis
168 1125 269 1188 quarn
297 1124 318 1167 a
347 1108 481 1168 Summo
510 1107 680 1180 Pontifice,
712 1123 752 1169 eo
782 1108 893 1171 invito
914 1115 948 1170 et
977 1111 1082 1173 reluo

64 1198 168 1261 tante,
193 1191 396 1249 exerceatur.

105 1272 194 1350 Ergo
214 1271 249 1330 in
279 1267 438 1329 societate
468 1268 692 1328 ecelesiastica
717 1264 823 1328 forma
843 1269 1012 1348 reglminis
1034 1276 1086 1333 est

65 1349 257 1411 monarchia
277 1363 369 1425 pura.

106 1431 240 1491 315.-
270 1428 449 1489 Scootium.
481 1426 635 1486 Nonnulli
654 1426 690 1484 in
720 1425 782 1485 hac
805 1443 842 1488 re
876 1427 1086 1506 decipiuntur

69 1511 147 1588 quia
161 1509 320 1586 originem
337 1505 480 1567 divinam
500 1507 672 1583 potestatis
688 1505 887 1583 episcopalis
903 1525 977 1569 cum
993 1510 1085 1588 ejus-

70 1591 147 1650 dem
178 1593 296 1649 natura
327 1587 539 1662 permiscent.
566 1586 717 1648 Potestas
739 1587 934 1665 episcopalis
969 1591 1108 1668 utique-

69 1670 159 1730 venit
193 1667 335 1728 mediate
370 1666 424 1726 vel
455 1664 646 1728 immediate
677 1682 697 1725 a
727 1663 864 1741 Christo,
899 1672 931 1728 et
957 1673 1085 1733 ratione

71 1750 204 1828 originis
239 1752 289 1808 est
323 1745 446 1819 divina3
482 1761 595 1805 verum
626 1745 700 1804 haee
725 1745 906 1823 Jurisdictio
936 1765 1004 1810 non
1035 1754 1087 1810 est

71 1843 236 1905 suprema,
273 1825 334 1886 sed
371 1824 567 1901 dependens
598 1823 699 1903 (316),
732 1827 844 1903 itaque
873 1827 907 1887 in
935 1831 1088 1906 prasenti

72 1924 190 1986 parum
210 1903 314 1966 reiert
333 1921 377 1967 an
393 1904 578 1984 jurisdictio
602 1905 797 1982 episcopalis
826 1907 938 1968 veniat
958 1924 977 1968 a
999 1909 1087 1970 Chri-

73 1995 133 2060 sto,
156 1985 325 2049 mediante
355 1987 502 2047 Romano
531 1983 699 2056 Pontifice,
720 1986 775 2046 vel
795 1986 899 2060 aliter,
923 1988 1087 2065 siquidem

74 2069 169 2129 unice
190 2067 299 2146 agitur
320 2064 362 2128 de
392 2069 555 2144 potestate
576 2078 731 2142 supremo
752 2065 892 2146 ejusque
913 2068 1085 2147 subJecto:

74 2147 242 2211 residetne
263 2148 337 2207 haec
357 2150 504 2221 potestas
521 2148 556 2207 iu
575 2161 643 2206 una
663 2161 806 2221 persona
827 2148 963 2227 physica
982 2150 1037 2212 vel
1055 2152 1090 2211 in

73 2228 239 2306 pluribus?
260 2242 303 2287 en
324 2226 458 2303 questio
482 2229 561 2286 tota.

533 2386 634 2403 —-

487 2486 613 2549 CAPUT
633 2488 671 2548 V.

340 2666 379 2708 DE
399 2662 557 2709 sociarum
578 2664 831 2709 tumultuosam.

114 2780 184 2841 326.
218 2813 257 2822 —
288 2777 447 2839 instinctu
477 2776 678 2851 socialitatis,
712 2793 774 2838 nec
804 2793 872 2839 non
901 2777 1092 2860 indigentiis

75 2859 219 2938 physicis
242 2863 276 2919 et
295 2858 485 2930 moralibus,
507 2858 606 2918 homo
629 2856 799 2919 ordinatur
820 2862 854 2918 et
877 2857 1030 2923 incitatur
1049 2863 1092 2925 ad

76 2941 267 3001 societatem
298 2938 519 2998 universalem
543 2955 551 2996 :
576 2953 644 2997 non
673 2936 773 2997 modo
797 2936 839 2997 ad
860 2954 1019 3015 personas
1040 2943 1089 3004 in—

76 3024 126 3081 ter
139 3035 187 3092 se,
202 3023 240 3078 ut
253 3018 395 3079 societas
410 3016 592 3078 domestica
608 3015 834 3091 constituatur,
852 3022 886 3078 et
899 3017 942 3080 ad
954 3019 1093 3085 familias

17 3143 18 3168 ι
75 3100 228 3169 invicem,
249 3097 340 3157 utin
362 3099 554 3159 societatem
576 3096 704 3157 civilem
727 3097 990 3161 constituendam
1012 3118 1091 3163 con·

17 3237 18 3258 ζ
76 3176 222 3251 veniant,
257 3192 374 3239 verum
410 3177 506 3237 etiam
542 3174 585 3237 ad
616 3179 736 3255 gentes
768 3179 933 3238 communi
962 3181 1092 3244 vinculo

17 3303 18 3336 ι
78 3256 316 3322 consociandos
346 3256 481 3317 inclinat
509 3256 582 3333 ipsa
612 3261 741 3317 natura.
782 3257 899 3318 Ultima
933 3260 1092 3337 perfectio

17 3341 18 3370 ¹
76 3339 212 3400 humani
232 3338 366 3415 generis
391 3336 600 3414 Junctionem
631 3336 823 3397 societatum
846 3338 987 3400 civilium
1007 3341 1095 3403 inter

17 3441 18 3480 ι
77 3434 113 3480 se
157 3418 325 3495 postulare
360 3416 502 3494 videtur,
536 3420 573 3476 ut
608 3420 771 3476 concentu
812 3419 929 3479 virium
966 3421 1103 3497 bonurn¹

17 3491 18 3576 1
78 3512 254 3561 commune
288 3496 418 3573 plenius
453 3500 487 3557 et
526 3496 664 3557 uberius
698 3495 915 3573 possideatur.
952 3503 1024 3563 Jam
1057 3502 1092 3563 in

17 3579 18 3658 1
78 3578 270 3639 societatem
297 3576 487 3655 religiosam
515 3575 584 3647 haec
614 3574 772 3635 naturalis
792 3576 960 3642 inclinatio
981 3581 1092 3659 aliquo

17 3661 18 3696 l
77 3656 179 3720 modo
201 3673 238 3719 se
259 3655 389 3735 pandit;
413 3654 474 3717 sed
494 3655 596 3733 prout·
622 3654 665 3717 ad
685 3654 809 3717 bonum
830 3660 978 3722 naturale
1002 3676 1093 3741 quae·
