2642 4250
416 239 552 284 msroru
574 238 786 284 ruinosornrn.
818 290 819 294 Ἰ
1057 226 1119 288 215

96 352 241 431 Christ),
267 357 324 432 qui
350 358 426 432 post
450 353 650 434 longinquas
678 355 964 434 peregrinationes
992 358 1117 420 ltaliam
1210 375 1216 384 “

96 435 236 510 appulit,
267 439 367 512 atque
392 435 533 496 Crotone
561 450 628 495 non
657 435 883 497 tantummodo
904 439 1118 516 gymnasium

95 513 283 590 adaperuit,
299 515 360 577 sed
375 516 475 577 etiam
489 514 668 592 quamdam
676 516 871 578 societatem
881 517 1117 596 rigidissimam

94 592 266 667 fundavit,
301 595 335 655 in
363 611 464 671 quam
489 610 589 656 nemo
619 597 765 671 coaptari
790 601 920 673 poterat
946 599 1008 660 nisi
1041 604 1119 675 post

95 675 240 751 longum
254 675 391 736 tirocinii
408 691 470 736 seu
483 674 684 751 probationis
700 679 842 752 tempus.
859 675 1010 739 Conditio
1027 678 1118 738 enim

96 755 264 830 praecipua
278 755 377 832 huius
389 757 565 815 novitiatus
579 756 614 815 in
629 769 669 815 eo
686 759 756 815 erat
774 760 810 815 ut
826 755 924 816 altum
949 758 1117 818 silentium

97 836 289 910 perplures
303 849 408 895 annos
423 840 620 896 servaretur.
638 835 673 894 ln
690 833 856 911 duplicem
872 851 951 913 ergo
977 837 1117 898 classem

97 915 330 990 partiebantur
341 915 537 994 Pythagorae
553 913 719 990 discipuli3
744 916 892 975 nonnulli
917 917 1006 977 enim
1022 922 1118 978 erant

98 996 168 1070 qui,
204 1000 338 1070 peracta
373 995 579 1070 probatione,
613 995 715 1056 veluti
743 995 932 1057 solemniter
959 994 1117 1074 adscripti

97 1080 207 1144 erant,
225 1091 264 1134 aa
279 1073 418 1150 proinde.
431 1075 523 1152 loqui
537 1078 705 1151 poterant;
723 1075 791 1136 aliis
816 1075 998 1136 tirocinium
1022 1092 1117 1152 pera·

96 1155 257 1230 gentibus
284 1154 444 1230 loquendi
475 1159 623 1230 potestas
650 1168 718 1214 non
744 1154 1002 1228 impertiebatur.
1037 1158 1118 1219 Huic

97 1233 223 1309 duplici
239 1234 445 1294 alumnorum
460 1235 557 1294 classi
572 1249 639 1293 non
654 1233 771 1294 eadem
799 1231 989 1295 tradebatur
1014 1235 1114 1296 disci-

97 1313 199 1389 plina,
219 1329 294 1391 quae
309 1320 485 1390 propterea
501 1313 625 1388 duplex
640 1317 720 1382 erat,
737 1316 901 1374 exoterica
913 1331 973 1375 seu
983 1316 1117 1391 publica

96 1409 174 1465 una,
192 1398 227 1453 et
241 1398 396 1454 esoterr‘ca
408 1412 469 1455 seu
482 1395 607 1471 privata
620 1394 734 1468 altera,
752 1407 827 1470 quae
843 1395 973 1456 initiatis
990 1400 1117 1457 tantum

95 1473 334 1550 perhibebatur
349 1471 403 1552 (1).

136 1553 341 1630 Pythagoras
355 1558 466 1613 autern
481 1552 605 1612 acriore
620 1553 775 1628 preditus
788 1551 922 1629 ingenio
940 1555 979 1615 ab
1006 1556 1113 1630 empi-

95 1633 197 1694 rismo
212 1634 320 1694 ionico
336 1649 373 1692 se
389 1632 544 1700 exsolvit:
561 1635 595 1692 in
610 1633 876 1707 spiritualismum
901 1633 1004 1713 magis
1018 1636 1115 1696 incli-

96 1728 194 1784 nans,
213 1713 435 1774 rationalismo
461 1719 495 1772 et
516 1711 688 1772 idealismo
717 1711 940 1790 maximopere
965 1713 1116 1776 indulsit.

96 1793 281 1863 Mathesint,
297 1794 348 1852 cui
364 1793 506 1852 maxime
522 1808 558 1852 se
575 1791 718 1862 tradidit,
735 1807 856 1870 magno
874 1811 949 1854 cum
963 1793 1117 1871 profectu

99 1872 254 1933 excoluit.
272 1871 388 1946 Quoad
408 1871 589 1934 doctrinam
612 1873 792 1946 specialem
810 1872 926 1934 schole
949 1874 1114 1951 pythago-

97 1952 189 2019 ricae,
218 1951 273 2012 vix
300 1951 423 2028 aliquid
452 1951 533 2011 certi
562 1951 773 2012 determinari
800 1957 921 2028 potest.
956 1954 1117 2015 Docuisse

98 2031 246 2093 creditur
260 2048 415 2092 numeros
431 2047 505 2093 esse
522 2031 680 2108 principia
694 2048 816 2102 rerum,
835 2048 969 2094 necnon
992 2034 1112 2104 Deum,

97 2112 166 2194 qut,
180 2112 276 2192 juxta
288 2111 408 2188 ipsum,
426 2116 477 2172 est
500 2128 659 2172 numerus
675 2112 815 2189 simplex
840 2118 872 2172 et
892 2129 1020 2181 monas,
1038 2130 1115 2174 esse

96 2210 219 2270 purum
233 2192 382 2268 spiritum
396 2193 430 2253 in
445 2193 596 2252 omnibus
611 2191 724 2251 mundi
739 2192 887 2269 partibus
899 2193 1041 2254 effusum
1050 2194 1113 2274 (2);

95 2272 413 2350 metempsychosim
429 2271 527 2331 etiam
541 2270 710 2348 professus
726 2277 775 2334 est
790 2270 843 2350 (3).

136 2353 342 2427 Empedocles
354 2352 589 2430 Agrigentinus
605 2351 673 2422 (460
697 2358 771 2413 ante
798 2350 926 2426 Christ.)
951 2352 1011 2414 sibi
1033 2369 1114 2429 pro·

96 2432 206 2508 prium
229 2436 373 2512 systema
396 2430 489 2491 finxit
506 2451 512 2491 :
530 2429 672 2491 docebat
698 2447 854 2509 expresse
879 2437 1021 2508 quatuor
1044 2432 1115 2493 dari

96 2513 262 2572 elementa
275 2511 391 2572 mundi
409 2512 585 2578 sensibilis,
616 2515 749 2579 terram,
780 2527 910 2587 aquam,
940 2528 1053 2572 aerem
1080 2516 1116 2573 et

95 2592 222 2665 ionem3
238 2591 273 2651 in
287 2592 350 2651 hoc
363 2592 478 2653 ultimo
493 2591 640 2667 ponebat
654 2592 852 2667 principium
865 2590 936 2651 vitae
951 2588 1005 2671 (4).
1019 2592 1122 2653 Mun--

96 2672 310 2748 numquam
332 2671 475 2731 habebat
498 2677 534 2731 ut
557 2672 803 2731 emanationem
826 2672 958 2731 unitatis
983 2670 1114 2743 divina,

97 2750 244 2812 distinxit
256 2753 290 2811 in
305 2752 505 2817 sensibilem,
521 2752 623 2826 κόσμος
649 2750 788 2827 αἰσθητός,
807 2756 840 2811 et
857 2750 1112 2829 intelligibilem,

92 2834 198 2906 κόσμος
210 2834 319 2906 veerte,
334 2830 451 2908 prioris
466 2836 582 2910 typum
590 2827 644 2909 (5).

136 2912 168 2971 3⁰
182 2910 303 2971 Schola
317 2912 462 2971 eteatz‘ea.
479 2945 518 2953 -
532 2912 756 2985 Xenophanes,
772 2908 876 2984 patria
889 2908 1112 2986 Colophonus,

97 2989 246 3068 quiante
260 2989 421 3051 Christum
437 2992 523 3052 circa
537 3006 659 3051 annum
674 2987 734 3049 530
747 2986 869 3063 floruit,
884 2989 971 3051 hanc
994 3006 1115 3053 novam

122 3154 157 3217 (1)
172 3152 318 3203 Ατίεῑηθη.
330 3152 397 3218 apud
411 3152 485 3219 niog.
501 3156 586 3205 Laert.
601 3168 659 3211 vm,
676 3152 700 3202 8.

123 3243 157 3304 (2)
170 3243 252 3291 Arist.
268 3243 385 3305 ltdetaph.
399 3258 418 3300 1,
433 3242 457 3302 3,
472 3244 496 3302 t,
511 3248 537 3291 et
551 3257 620 3305 seqq.
630 3238 787 3309 -ntnmblio
801 3242 864 3291 Vita
880 3242 998 3306 Pythap.
1015 3257 1039 3291 c.
1052 3240 1093 3291 12.

93 3303 163 3354 Sext.
178 3304 276 3370 Empir.
290 3306 359 3353 Ado.
373 3305 462 3354 Mota.
477 3318 514 3363 rx,
529 3304 583 3353 tat.
597 3329 628 3341 -
642 3305 717 3367 mog.
733 3304 817 3352 Laert.
832 3318 889 3363 vnr,
904 3304 945 3354 31.

124 3392 157 3456 (3)
171 3392 303 3443 Plutarch.
314 3394 358 3463 *Ile
367 3392 463 3455 placit.
469 3393 538 3455 pail.
553 3407 573 3454 1,
584 3392 608 3453 3,
618 3392 666 3440 7?-
673 3406 713 3454 rv,
726 3390 750 3440 7.
762 3389 879 3441 -Arist
894 3392 934 3440 De
943 3392 1047 3453 anima,
1057 3405 1075 3454 1,
1086 3392 1115 3463 3,

104 3468 110 3480 '
125 3480 149 3539 (t
172 3475 253 3527 Arist.
268 3477 388 3539 Metaph.
402 3491 421 3537 1,
437 3477 452 3526 3
468 3505 496 3513 —
510 3492 550 3539 111,
565 3479 589 3526 t.

95 3539 134 3591 cf.
184 3548 310 3603 aporema
316 3539 535 3603 philosophorum
546 3552 589 3603 pr.
604 3539 698 3601 (Paris,
706 3538 793 3598 Didot,
806 3536 875 3601 1857)
882 3552 948 3586 vers.
961 3536 1047 3587 159-
1056 3536 1117 3589 180.

125 3627 160 3695 (5)
174 3626 306 3701 Simplicis
319 3626 404 3677 Arist.
418 3628 501 3691 Ph'ys.
515 3653 546 3665 -
559 3626 665 3691 Empcd.
679 3626 772 3692 fragm.
787 3624 828 3674 ed.
843 3625 928 3687 sauz,
945 3623 1052 3689 passim.
