2642 4250
426 255 545 316 5202
755 284 764 295 x
1039 273 1399 317 Bnnvmmtm
1440 271 1846 318 pmtosopmAE

508 390 572 446 4*
604 385 765 447 Cum
811 387 1295 466 negotiationes
1343 388 1407 446 et
1433 391 1818 449 commercia
1859 387 1990 449 sint
2015 386 2247 460 libera,
2280 388 2478 448 inte-

428 482 619 546 grum
646 471 752 527 est
791 467 1027 544 cuique
1060 466 1310 528 nationi
1339 466 1868 542 importationem
1899 469 2005 528 vel
2045 467 2467 543 exportatio-

428 566 576 606 nem
638 549 754 607 aut
806 547 1070 622 penitus
1124 545 1502 623 prohibere,
1559 551 1673 607 aut
1728 547 1966 608 debitis
2022 547 2469 625 vectigalibus

424 641 747 698 coercere,
782 627 1327 705 quotiescumque
1371 625 1439 686 id
1470 628 1845 702 expostulat
1885 625 2132 688 utilitas
2188 626 2464 704 publica

424 723 544 766 aen
572 710 819 768 honum
861 706 1199 784 proprium
1223 705 1498 783 hujusce
1528 707 1748 783 gentis
1784 727 1798 767 ε
1845 712 2021 767 certo
2060 707 2171 767 lex
2207 711 2464 768 mutuae

428 785 906 850 tissnevolentiae
972 789 1146 849 inter
1198 785 1502 846 nationes
1549 785 1720 847 cedit
1782 787 1918 867 legi
1975 787 2273 848 utilitatis
2338 792 2465 848 aut

428 866 834 928 necessitatis
876 866 1151 944 proprIae
1180 867 1280 926 sin
1333 867 1608 925 uiarum.

508 949 643 1008 339.
689 979 769 992 --
815 946 887 1006 ΙΙ.
932 949 1222 1007 Foedera.
1320 945 1739 1008 ommercium
1770 945 1942 1006 inter
1981 945 2288 1007 nationes
2322 946 2453 1007 im·

424 1024 918 1102 p÷‚1rtatfoedera
951 1029 1018 1086 et
1045 1029 1255 1104 pacta,
1288 1025 1440 1102 quia
1461 1024 1574 1102 jus
1605 1029 1848 1085 naturae
1870 1039 2003 1086 non
2028 1025 2456 1097 determinat,

424 1110 544 1166 niai
584 1106 1187 1177 fundamentaliter,
1245 1104 1655 1166 conditiones
1715 1106 2214 1181 permutationis
2269 1122 2453 1167 mer-

424 1190 613 1254 cium,
663 1201 806 1263 quae
842 1185 1121 1262 proinde
1151 1201 1272 1262 per
1302 1187 1670 1246 contractus
1697 1183 2239 1247 internationales
2268 1200 2455 1262 prae-

424 1270 804 1327 etituuntur.
1394 1278 1400 1292 ¹

416 1390 556 1450 ¹340.
592 1422 668 1432 -
694 1389 930 1449 Tmzsts.
964 1388 1235 1448 Foedera
1263 1387 1820 1458 internationalia,
1851 1387 2111 1447 nonnisi
2136 1405 2178 1448 a
2204 1403 2446 1462 supre-

496 1470 619 1530 im's
657 1467 1131 1544 imperantibus
1169 1468 1301 1527 sive
1318 1482 1446 1543 per
1472 1467 1736 1542 seipso&
1768 1468 1898 1527 sive
1923 1483 2043 1542 per
2069 1477 2216 1528 suos
2262 1467 2444 1544 ἱερα-

500 1554 615 1618 tae,
660 1549 825 1608 iniri
853 1551 1142 1624 possunt.
1707 1577 1712 1584 ·

504 1661 844 1722 Frobatur.
891 1661 1167 1721 Foedera
1200 1664 1356 1720 sunt
1412 1662 1779 1722 contractus
1808 1660 1876 1719 in
1936 1660 2175 1737 quihus
2217 1664 2449 1736 partes

424 1739 882 1802 contrahentes
904 1744 1057 1802 sunt
1078 1744 1231 1817 ipsae
1252 1741 1578 1808 nationes,
1607 1745 1679 1798 ut
1698 1739 1806 1806 sic,
1831 1755 2070 1817 nempe
2092 1741 2449 1801 societates

432 1822 716 1894 politicae,
752 1824 819 1880 et
849 1837 1132 1898 quorum
1162 1819 1493 1898 objectum
1515 1818 1775 1897 juribus
1815 1819 2198 1880 earumdem
2225 1823 2440 1883 socie-

424 1906 631 1958 tatum
697 1900 1088 1962 continetur.
1161 1900 1358 1977 Atqui
1408 1899 1623 1959 solum
1688 1898 2064 1976 subjectum
2118 1915 2446 1976 supremae

420 1979 765 2054 potestatis
793 1983 849 2040 1⁰
870 1982 1078 2042 vicem
1112 1982 1306 2041 totius
1337 1978 1662 2040 societatis
1691 1979 1883 2057 gerit,
1922 1978 2003 2038 de
2029 1979 2219 2057 cujus
2247 1983 2311 2041 2⁰
2330 1980 2443 2058 ju-

420 2062 600 2120 ribus.
642 2060 882 2135 pacisci
912 2061 1092 2120 solus
1124 2063 1363 2138 potest,
1412 2058 1740 2136 siquidem
1785 2075 2092 2135 suprema
2142 2064 2443 2136 potestas

424 2146 524 2198 eat
552 2140 929 2215 complexus
962 2141 1214 2219 jurium
1263 2138 1600 2201 socialium
1630 2155 1770 2215 quae
1799 2155 2146 2199 commune
2189 2142 2444 2203 bonum

420 2220 743 2279 societatis
772 2220 1154 2299 respiciunt.
1185 2220 1356 2298 Ergo
1406 2217 1662 2279 foedera
1710 2220 2234 2283 internationalia
2263 2237 2432 2297 pan-

420 2315 580 2379 gere
622 2296 710 2359 ad
738 2302 915 2369 solos
956 2316 1250 2363 summos
1280 2300 1682 2374 imperantes
1712 2300 2022 2376 pertinet.

500 2383 638 2441 341.
664 2412 743 2421 -—
770 2383 864 2440 De
906 2381 1160 2457 objecto
1189 2395 1312 2440 seu
1359 2378 1443 2438 de
1484 2382 1753 2441 materia
1795 2380 2055 2440 illorum
2105 2377 2444 2442 foederum

416 2459 592 2519 iilam
646 2456 790 2519 fere
841 2459 1190 2521 dicendum
1249 2462 1352 2519 est.
1407 2473 1486 2519 ac
1545 2459 1629 2520 de
1675 2458 1952 2520 materia
1993 2464 2443 2521 contractuum

418 2543 588 2599 inter
613 2539 921 2614 privatos.
969 2541 1098 2599 Hoc
1118 2553 1329 2599 unum
1373 2538 1530 2599 satis
1577 2539 1697 2599 erit
1731 2537 1972 2599 dictum
2015 2537 2194 2615 quod
2221 2540 2442 2619 obJ’ec·

416 2623 556 2679 tum
596 2616 924 2680 foederum
972 2618 1572 2681 internationalium
1615 2620 1879 2694 proprie
1935 2618 2200 2695 ponitur
2254 2628 2443 2682 extra

420 2699 480 2759 id
528 2712 726 2759 omne
772 2698 952 2775 quod
982 2698 1067 2759 ad
1101 2699 1214 2777 jus
1258 2704 1504 2759 naturae
1547 2698 1891 2759 evidenter
1934 2698 2246 2774 pertinet3
2281 2717 2441 2762 nam

420 2779 504 2839 ad
548 2777 708 2839 illud
758 2780 865 2855 jus
920 2778 1317 2839 servandum
1375 2793 1607 2837 omnes
1664 2783 1899 2855 gentes
1947 2778 2269 2851 absolute,
2316 2797 2442 2842 seu

420 2858 722 2932 curiosius
768 2858 1291 2935 quibuscumque
1350 2857 1903 2933 stipulationibus,
1961 2858 2103 2935 jam
2152 2860 2438 2922 obstrin-

420 2943 691 3015 guntum
741 2943 1198 2999 verumtamen
1230 2941 1626 3014 quandoque
1673 2954 1819 2998 cum
1849 2934 2161 3015 gentihus
2203 2940 2440 3001 barba-

420 3019 528 3087 ria,
600 3034 741 3095 quae
801 3018 989 3096 leges
1045 3018 1380 3078 naturales
1432 3016 1880 3092 parvifaciunt,
1927 3015 2136 3077 officia
2191 3024 2444 3081 naturae

420 3101 572 3159 aunt
612 3096 947 3175 objectum
988 3094 1294 3165 foederisz
1339 3096 1462 3156 sed
1503 3097 1570 3156 id
1615 3096 1936 3174 contingit
1967 3113 2085 3173 per
2113 3100 2436 3162 accidenS.

500 3177 769 3246 Foedera
824 3177 1173 3237 solvuntur
1244 3179 1301 3237 1Ο
1343 3192 1464 3253 per
1520 3193 1750 3238 omnes
1805 3192 2032 3237 causas
2077 3194 2219 3255 quae
2277 3180 2442 3241 alios

416 3261 786 3317 ctmtractus
814 3254 1220 3329 rescindunt,
1266 3257 1333 3317 20
1378 3272 1497 3333 per
1537 3254 1953 3317 infractiones
1980 3272 2061 3315 ex
2105 3262 2291 3332 parte
2319 3260 2438 3320 ali-

420 3339 608 3411 cujus-3
628 3336 1070 3398 contrahentis
1105 3355 1118 3396 :
1158 3340 1310 3396 tunc
1339 3336 1546 3395 altera
1573 3352 1724 3412 pars
1754 3338 1974 3412 potest
2002 3341 2115 3397 aut
2144 3338 2235 3397 ab·
2259 3339 2438 3401 omni

420 3415 820 3491 mitigatione
864 3431 937 3476 se
964 3417 1248 3476 solutam
1279 3415 1674 3487 existimare,
1708 3417 1821 3475 aut
1843 3418 2097 3492 partem
2128 3434 2279 3494 quae
2308 3417 2443 3481 fide

420 3495 706 3556 decessit
748 3494 834 3557 ad
877 3499 1145 3572 pactum
1172 3494 1579 3572 implendum
1612 3494 1905 3574 adigere.
1940 3496 2005 3555 Si
2037 3500 2257 3559 tamen
2285 3514 2441 3576 pars

420 3574 724 3643 infidelis,
768 3590 905 3636 non
960 3590 1079 3636 sua
1122 3573 1316 3651 culpa
1357 3574 1479 3635 sed
1506 3591 1729 3636 rerum
1785 3574 2211 3638 adversarum
2253 3579 2433 3654 viti0,

424 3652 758 3716 ramentis
828 3658 1004 3716 stare
1075 3652 1536 3733 promissaque
1596 3659 1913 3734 praestare
1971 3670 2108 3717 non
2163 3658 2432 3733 valeret,
