2642 4250
392 306 528 359 nisronn
548 313 762 358 runosonnrra.
1027 301 1088 360 225

67 431 180 507 potius
204 446 303 508 quam
326 429 515 499 eclecticus,
539 444 596 490 eos
619 429 661 490 ad
695 429 966 492 absurdissimum
995 451 1087 513 mys-

67 511 235 572 ticismum
250 508 395 581 deduxit,
413 524 477 586 quo
489 514 601 570 tamen
616 511 735 569 imitari
751 511 955 571 conabantur
973 530 1087 576 verum

69 589 311 669 mysticismum
333 589 553 650 christianum.
1091 611 1093 616 ·

112 674 271 729 Potamon
290 669 366 729 huic
380 669 495 730 schola
515 667 642 730 initium
663 666 756 730 dedit
780 689 787 728 :
813 667 854 730 de
875 673 940 732 vita
957 679 989 734 et
1004 679 1087 735 tem·

71 764 155 827 pore
178 749 365 810 Potamonis
386 749 465 808 nihil
487 748 565 809 certi
586 750 750 824 reperitur
770 747 860 823 apud
879 753 987 812 varios
1008 771 1090 826 auo-

72 839 163 890 tores
185 829 242 906 qui
262 829 305 890 de
321 845 361 890 eo
377 829 571 906 loquuntur3
590 829 729 888 hahetur
742 833 779 888 ut
792 829 906 890 Plotini
921 836 1087 912 magister.

72 911 222 968 Plotinas
256 910 327 988 (250
356 913 433 985 post
453 908 488 968 C.
511 906 562 984 N.)
595 907 747 968 doctrina
780 908 1000 974 aPotamone
1024 921 1088 976 tra-

74 988 147 1050 ditae
178 1004 256 1050 suas
291 988 510 1049 revelationes
542 987 678 1060 addidit,
703 1003 843 1065 eamque
875 991 943 1052 suis
973 991 1089 1056 fucatis

74 1071 236 1144 portentis
258 1073 291 1129 ct
313 1067 477 1128 miraculis
492 1070 659 1129 exornavit
679 1070 732 1144 (l).

114 1149 364 1211 praestantiores
392 1151 505 1225 itaque
536 1148 721 1225 philosophi
752 1146 853 1225 huJus
875 1149 992 1212 scholae
1014 1160 1091 1216 sunt

75 1228 232 1300 PlotinuS,
258 1233 386 1305 etpost
408 1244 495 1288 eum.
518 1229 720 1303 Porphyrius
748 1225 803 1306 (2),
835 1229 1015 1292 temelicos
1037 1236 1088 1311 13),

76 1311 131 1384 qui
151 1308 241 1367 inter
259 1324 335 1368 snos
357 1307 535 1384 discipulos
557 1307 721 1369 lulianum
752 1311 944 1383 apostatam
964 1310 1089 1387 habuit,

77 1388 273 1448 Plutarchus
293 1393 327 1448 et
347 1389 481 1447 Proetus
500 1385 554 1466 (4),
578 1389 634 1465 qui
654 1390 689 1448 in
711 1404 750 1448 eo
774 1389 998 1454 tantummodo
1012 1409 1089 1453 con-

76 1468 256 1528 veniebant
277 1467 367 1546 quod
387 1471 582 1544 impugnare
603 1467 758 1528 volehant
779 1469 928 1528 veterem
952 1471 1092 1548 philoso-

77 1548 200 1624 phiam,
223 1551 324 1625 atque
351 1548 461 1608 omnia
481 1552 663 1627 systemata
684 1547 727 1607 ad
747 1545 891 1622 aliquam
913 1548 1093 1614 doctrinam

79 1632 286 1688 constantem
306 1625 571 1704 uniformemque
585 1626 750 1704 redigere.
776 1626 860 1687 Talis
884 1634 996 1692 autern
1019 1632 1093 1694 doc-

79 1713 175 1777 trina,
209 1707 279 1767 aliis
310 1707 463 1768 omnihus
500 1705 718 1778 emendatior,
753 1710 790 1766 ut
823 1709 992 1784 putabant,
1027 1727 1095 1775 non

79 1787 305 1849 tantummodo
338 1787 518 1848 theoretice
548 1785 768 1863 proponenda
791 1791 872 1854 erat,
904 1789 964 1850 sed
996 1794 1095 1854 etiam

82 1868 281 1946 religionem
296 1867 475 1945 quamdam
497 1867 697 1927 constituere
720 1865 875 1927 debehat.

121 1947 241 2007 Praeter
260 1946 346 2006 hanc
367 1962 578 2007 communem
606 1946 884 2022 conspirationem
904 1946 937 2006 in
960 1950 1093 2012 electio·

82 2043 153 2086 rem
169 2026 421 2104 philosophiam,
438 2028 581 2087 inter-se
605 2030 737 2086 veteres
758 2025 984 2100 Neoplatonici
1011 2033 1095 2093 circa
1183 2033 1187 2039 ’

82 2107 144 2167 alia
158 2112 282 2183 puncta
294 2106 394 2187 longe
417 2105 624 2178 differebant,
647 2122 734 2167 unus
756 2107 864 2169 autem
889 2106 1093 2187 Platonismo‚

83 2190 166 2266 alter
187 2187 354 2249 Stoicismo
375 2188 429 2248 vel
450 2187 504 2247 alii
526 2186 705 2263 disciplina
727 2184 832 2265 magis
855 2187 1017 2251 addictus
1040 2193 1096 2253 llic

83 2284 166 2341 ergo
198 2267 408 2327 eclectismus
436 2270 528 2328 recto
561 2268 696 2326 nomine
723 2268 959 2345 syncretismus
986 2274 1096 2334 vocari

85 2349 196 2420 ‹reoet
218 2346 383 2424 siquidem
408 2362 475 2407 non
496 2361 570 2407 raro
591 2347 656 2406 vim
679 2345 833 2407 doctrinis
855 2344 1041 2412 inferebant
1060 2356 1098 2412 ut
1196 2379 1199 2386 ·

84 2445 126 2487 ex
158 2427 311 2489 omnihus
342 2426 510 2505 quoddam
545 2430 693 2504 systema
730 2428 1013 2499 consarcinarent3
1055 2429 1099 2492 ad

83 2507 334 2586 gnosticismum
354 2505 473 2586 (γνωσιν)
488 2522 563 2581 ergo
579 2505 738 2581 pervenit,
757 2510 813 2583 qui
827 2502 888 2568 fuit
900 2523 991 2569 error
1003 2510 1098 2573 valde

85 2589 259 2666 implexae,
285 2602 328 2646 ex
360 2587 562 2663 mysticismo
585 2589 751 2646 sectarum
772 2587 978 2649 orientalium
1004 2595 1038 2651 ot
1059 2608 1100 2653 ex

90 2667 296 2745 philosophia
316 2681 428 2744 graeca
450 2662 621 2724 conflatus,

125 2750 202 2808 llaec
222 2746 370 2807 informis
384 2746 531 2809 omnium
546 2759 694 2805 errorum
705 2746 916 2806 commixtura
931 2764 970 2808 eo
997 2750 1101 2829 magis

85 2829 290 2891 incrementa
311 2826 459 2901 sumpsit,
483 2827 602 2902 quoin
624 2824 780 2901 AEgypto,
795 2828 934 2887 maxime
957 2828 1100 2891 Alexan-

88 2908 173 2976 driae,
197 2912 245 2967 tot
269 2905 472 2967 diversarum
495 2903 694 2980 religionum
723 2902 910 2966 hominihus
935 2913 1097 2985 scatente,

88 2989 194 3048 onmis
214 2988 348 3065 generis
369 2984 488 3064 placita
508 2982 636 3044 facilius
665 2988 801 3061 recepta
818 2989 924 3046 erant.

60 3217 65 3222 .
118 3176 151 3236 (1)
165 3172 259 3222 Plotia.
275 3172 399 3219 Enneod.
412 3196 444 3207 -
457 3167 582 3231 Porphyr.
603 3167 666 3214 Vita
682 3166 785 3215 Plotia.
801 3166 894 3231 passim
908 3196 939 3205 -
954 3169 992 3221 Cf.
1007 3174 1101 3224 Euseb,

88 3240 155 3287 Hiar.
172 3235 234 3283 eccl.
248 3260 281 3271 -
293 3234 392 3295 ilunap.
406 3232 443 3279 De
458 3229 521 3278 sitis
531 3228 603 3291 phil.
621 3236 645 3275 et
655 3229 728 3291 soph.

118 3352 151 3412 (2)
165 3348 293 3412 Porphyr.
307 3346 391 3410 lamp,
406 3345 444 3392 De
458 3344 562 3402 attinio,
575 3337 677 3407 passim.
691 3369 721 3379 -
731 3340 769 3391 Cf.
779 3342 805 3391 S.
822 3340 890 3407 Aug.
911 3346 945 3392 de
966 3347 1023 3398 Cio.
1045 3354 1102 3404 Dei,

88 3428 143 3472 xix,
158 3411 190 3460 22
203 3415 229 3459 et
242 3423 312 3473 seqq.

120 3528 152 3590 (3)
167 3528 264 3590 Eunap.
280 3526 319 3576 De
338 3524 391 3573 Vit.
401 3521 509 3584 sophist.
522 3547 553 3559 -
566 3520 637 3568 Stob.
652 3519 742 3583 Ecloq.
753 3520 842 3582 phys,
856 3524 875 3569 t.
890 3536 908 3569 1.
924 3536 947 3571 e.
958 3523 997 3573 52.
1009 3527 1107 3583 Auctor

30 3639 31 3650 ,
90 3608 130 3656 op.
146 3592 184 3639 De
195 3588 332 3652 ascysteriis
360 3586 387 3636 S·
402 3600 421 3644 1,
435 3600 457 3632 c.
473 3584 496 3631 1.

31 3671 32 3704 ¹
125 3700 266 3767 tithlarin.
285 3700 348 3749 Vita
359 3697 460 3756 Procli,
484 3710 587 3761 passim.

373 3779 456 3827 Bnav.
471 3777 545 3826 Pun.
559 3778 591 3825 Τ.
606 3777 638 3824 ΙΙ.
651 3802 683 3812 -
698 3774 735 3831 15,
