2642 4250
397 256 533 302 msromn
554 255 769 302 rnicosoomm.
1035 237 1096 300 ati

68 377 139 437 imo
185 389 261 438 eam
297 373 449 451 deprimit
476 371 711 450 proclamando
745 370 931 434 absolutam
961 370 1100 434 rationis

67 455 324 532 suprematiam.

112 534 367 596 Rationalismus
387 533 450 592 iste
475 547 494 591 a
516 534 666 608 tempore
689 530 830 594 Cousinii
852 531 989 592 multum
1014 531 1099 594 obti-

71 617 150 676 nuit
180 611 326 676 favorem
349 613 529 689 presertim
549 610 640 687 apud
661 612 814 688 gallicam
837 613 1097 683 universitatem,

70 703 105 756 et
124 712 235 772 usque
258 709 346 754 nunc
361 691 470 752 adhuc
491 708 510 751 a
530 692 640 751 multis
657 692 805 752 docetur.
820 693 1100 768 interprecipuos

72 776 152 853 ejus
194 771 388 836 defensores
430 773 643 832 eminuerunt
685 772 841 847 Joofsroy
886 771 1097 852 (troo-1842),

72 857 239 917 Damiron
259 851 460 932 (ivel-1862)
477 855 510 910 et
531 854 652 911 scisset
667 850 877 928 (isit-1863),
901 867 990 912 nunc
1011 867 1097 928 quo·

72 951 146 1013 que
175 939 268 995 lauet
294 933 401 1010 (natus
434 929 522 1008 1823)
555 934 589 990 et
625 931 808 1006 praesertim
837 931 946 992 latius
981 933 1101 992 Simon

75 1021 193 1093 (natus
210 1012 309 1090 1814).
326 1012 505 1074 celebrium
519 1010 739 1088 quorumdam
759 1014 956 1088 scriptorum
970 1019 1098 1072 auctor.

117 1098 153 1157 2⁰
175 1093 426 1162 Sensnalismus,
452 1091 509 1167 qui
530 1096 596 1152 toto
618 1107 692 1150 xvm
719 1091 839 1151 saeculo
870 1089 940 1152 lere
963 1106 1097 1166 praepo-

75 1180 155 1236 tens
189 1171 308 1244 fuerat,
337 1172 493 1247 praesenti
528 1174 626 1229 aetate
667 1169 885 1232 diversimode
921 1180 1101 1232 renovatus

75 1263 141 1316 est.
152 1254 293 1329 Quidam
304 1250 659 1329 pseudophilosophos,
673 1250 757 1320 Gall,
772 1250 953 1323 Germanus
964 1251 1101 1312 natione

74 1332 276 1414 (1758-1828)
299 1333 441 1409 ejusque
473 1329 653 1406 discipulus
677 1331 869 1405 Spurzbet'nt
895 1328 1101 1413 (177671833)

74 1417 113 1475 in
147 1414 284 1475 Galliam
314 1414 450 1489 vulgare
482 1414 692 1470 tentaverunt
718 1410 877 1486 insipiens
903 1411 1099 1472 materialis·

75 1497 182 1556 ticum
203 1497 361 1572 systema,
385 1491 642 1564 craitioscopiam
670 1491 805 1561 scilicet,
834 1505 895 1550 seu
921 1491 1099 1566 phrenoto·

76 1578 183 1652 piam,
216 1571 306 1650 qnod
338 1572 501 1649 originem
536 1567 686 1628 idearum
710 1573 949 1647 passionesque
982 1585 1102 1631 omnes
1151 1606 1155 1617 ·

79 1655 223 1731 explicat
249 1669 310 1729 per
340 1649 634 1710 conformationem
665 1649 791 1710 cerebri
817 1655 851 1710 et
884 1651 1101 1728 capacitatem

80 1735 290 1796 diversorum
303 1731 402 1807 hujus
418 1730 533 1807 organi
544 1729 739 1789 loculorum.

121 1813 269 1876 Medicus
297 1812 403 1889 gallus
426 1809 595 1869 Broussuts
617 1809 821 1883 tim-1838),
844 1811 923 1870 item
937 1807 1103 1886 adoptans

81 1895 273 1956 absolutum
301 1889 580 1955 materialismum,
603 1893 752 1948 autumat
774 1889 1004 1968 cogitationem
1024 1906 1103 1952 esse

82 1990 175 2034 mere
206 1971 396 2050 organicam
417 1970 656 2045 operationem,
678 1966 712 2029 id
727 1976 777 2028 est
791 1968 969 2045 quamdam
991 1986 1104 2032 seore-

83 2056 208 2115 tionem
230 2051 368 2121 cerebri,
399 2047 489 2127 quod
515 2063 575 2126 per
596 2045 751 2108 fibrarum
774 2053 807 2108 et
828 2065 1005 2112 nervorum
1027 2049 1105 2110 irri-

84 2136 254 2207 tationem,
275 2128 494 2192 diversimode
524 2128 565 2188 ab
601 2134 738 2189 externo
783 2128 945 2201 allectam,
990 2130 1105 2193 ideam

85 2214 229 2285 distillat,
260 2228 329 2273 non
358 2226 455 2271 secus
481 2223 520 2271 ao
541 2210 731 2270 stomachus
752 2208 842 2271 cibos
867 2209 987 2290 digerit
1012 2218 1048 2273 et
1067 2210 1104 2271 in

82 2310 221 2356 succum
241 2288 461 2353 transformat.

124 2374 219 2435 idem
241 2374 388 2433 sentiunt
409 2368 503 2430 multi
533 2368 736 2429 recentiores
758 2374 910 2430 auctores
941 2371 997 2448 qui
1026 2370 1103 2431 uni-

85 2471 199 2517 versas
244 2450 468 2513 materialismi
511 2449 655 2508 theorias
700 2446 920 2509 subtilioribus
966 2450 1105 2530 argutiis

86 2541 240 2596 excoctas
261 2530 361 2592 modo
388 2528 600 2607 exquisitiori,
633 2535 745 2603 atque,
781 2532 818 2588 ut
844 2535 970 2605 putant,
998 2531 1105 2605 magis

86 2611 265 2676 scientifico
297 2611 497 2689 proponunt,
525 2622 650 2685 easque
674 2606 833 2669 decorant
857 2624 943 2671 novo
967 2610 1107 2673 nomine
1138 2672 1140 2678 .

107 2692 284 2755 ositiot‘smi.
1171 2721 1175 2749 ι

81 2714 105 2771 p
128 2774 350 2836 Positivismus
370 2768 473 2828 multo
494 2768 601 2844 magis
623 2783 684 2842 per
706 2766 740 2828 id
756 2764 846 2844 quod
866 2773 979 2847 negat,
1004 2786 1108 2848 quam

85 2871 148 2932 per
178 2852 215 2912 id
235 2851 324 2929 quod
348 2848 497 2915 affirmat,
521 2845 721 2907 definiretur.
746 2847 872 2909 Etenim
892 2853 1002 2925 potest
1023 2866 1109 2913 con·

86 2934 274 2994 siderariut
285 2928 466 2991 methodus
481 2930 608 2987 tantum
622 2926 674 2988 vel
691 2930 727 2986 ut
739 2925 898 2988 doctrina.
917 2930 955 2991 Ut
977 2935 1104 2991 metho-

86 3015 160 3081 dus,
197 3013 232 3072 in
267 3027 307 3070 eo
340 3008 533 3069 consisteret
563 3011 600 3066 ut
632 3006 712 3067 nihil
748 3004 895 3068 admittat
922 3010 983 3071 nisi
1012 3010 1104 3086 quod

81 3094 218 3170 positive
255 3106 316 3151 seu
355 3086 526 3148 evidenter
552 3088 724 3161 probetur.
751 3086 835 3146 Nihil
855 3104 934 3166 ergo
964 3088 1106 3149 admittit

82 3183 243 3250 tanquam
273 3184 388 3230 verum
417 3184 455 3227 ac
486 3174 623 3237 certum,
655 3167 716 3227 nisi
746 3165 828 3227 illud
863 3166 955 3245 quod
982 3172 1107 3245 patitur

83 3252 350 3316 mathematicam
375 3247 688 3309 demonstrationem
721 3246 775 3306 vel
801 3246 888 3308 cadit
908 3250 969 3308 sub
992 3250 1105 3309 obser-

85 3334 218 3394 vatione
246 3328 405 3391 sensibili.
439 3326 510 3399 Qua
544 3325 587 3386 de
623 3341 733 3397 causa,
760 3326 855 3404 juxta
893 3329 1103 3403 positivistas,

87 3428 206 3473 omnes
242 3411 389 3471 scientiar
429 3408 503 3466 exui
540 3406 665 3467 debent
699 3405 861 3467 universis
893 3409 1108 3483 speculativis

89 3489 364 3554 abstractionibus
387 3486 507 3562 quibus
535 3493 632 3547 antea
651 3485 721 3546 fere
745 3501 786 3545 ex
807 3492 873 3547 toto
899 3489 1105 3559 constabant,

90 3581 124 3632 et
138 3570 259 3633 adduci
275 3568 318 3629 ad
332 3572 452 3627 statum
463 3568 649 3641 positivum,
666 3566 699 3624 in
721 3582 785 3639 quo
807 3582 927 3640 nempe
949 3569 1038 3627 nulla
1053 3570 1107 3629 lei

89 3669 152 3714 seu
172 3651 261 3713 nulla
285 3648 374 3710 notio
397 3646 562 3724 generalis
583 3644 774 3718 admittitur,
799 3645 860 3707 sed
879 3648 1107 3709 tantummodo

421 3740 501 3790 Busv.
517 3738 591 3789 Ριιιι.
606 3738 638 3788 Τ.
652 3739 741 3789 lll.—
757 3739 795 3788 16.
852 3769 855 3774 -
