2642 4250
448 299 551 348 areret
574 297 730 344 arnonus.
1040 281 1093 342 lot

76 414 170 476 inter
188 415 294 490 ipsum
312 413 370 492 jus
390 429 452 475 seu
475 417 675 490 potestatem
698 418 732 474 et
746 412 937 475 exercitium
953 412 1037 492 juris
1059 430 1097 474 ac

77 495 263 570 potestatis,
294 492 386 555 firmo
417 498 607 554 remanente
638 494 796 572 principio
828 493 919 572 quod
948 496 982 554 in
1012 493 1097 572 regi·

78 575 173 636 mine
202 574 408 636 monarchiae
438 577 587 650 potestas
617 573 801 650 legislativa
832 574 893 636 soli
924 575 995 653 regi
1022 590 1098 634 eon-

80 653 205 714 veniat.

132 736 159 796 l⁰
178 730 294 806 Quoad
315 733 518 805 exercitium,
534 733 593 793 illa
615 731 801 795 functiones
817 732 946 794 diversa
964 733 1099 811 subjec-

84 817 122 872 ta
137 815 271 892 exigunt
287 831 294 872 :
311 826 387 872 uam
401 815 583 890 generatim
598 813 731 874 diversa
747 814 955 890 operationes
972 813 1100 874 diversa

83 891 304 953 instrumenta
330 895 512 969 requirunt,
539 893 658 971 quibus
688 899 913 954 exerceantur.
943 893 1100 954 Praeterea

86 971 183 1033 dotes
198 971 241 1032 ad
263 971 393 1032 diversa
412 973 485 1033 haec
505 977 615 1033 munta
640 972 788 1052 gerenda
815 972 858 1031 ,in
879 972 996 1036 eodem
1019 973 1096 1034 sub-

81 1053 173 1130 jecto
196 1049 384 1112 difficillime
416 1052 670 1113 cumularentur.
703 1054 787 1130 Ergo
817 1051 1021 1113 commodius
1051 1057 1101 1113 est

86 1139 125 1192 ut
145 1129 283 1192 diversae
305 1129 493 1192 functiones
516 1149 576 1209 per
598 1131 726 1195 diversa
748 1131 897 1211 subjecta
918 1148 1096 1194 exercean-

87 1217 149 1280 tur,
172 1226 234 1270 seu
254 1217 289 1270 ut
311 1210 432 1273 diversi
453 1211 602 1274 homines
623 1213 666 1275 ad
682 1211 828 1274 diversas
840 1210 1027 1275 functiones
1042 1229 1099 1289 po-

86 1292 188 1352 liticas
205 1290 417 1367 deputentur.

126 1371 158 1430 2⁰
178 1372 234 1431 lus
256 1387 449 1446 supremum
473 1388 514 1432 ex
538 1389 603 1449 quo
627 1370 813 1433 functiones
835 1371 894 1431 illae
920 1370 1098 1444 dimanant,

87 1451 247 1510 unitatem
269 1452 413 1531 subjecti
433 1452 587 1528 postulat,
612 1469 709 1513 secus
733 1452 841 1512 unitas
871 1450 1007 1522 societte,
1035 1451 1101 1510 sal-

88 1536 153 1590 tem
175 1529 273 1589 realis
290 1537 322 1590 et
344 1537 509 1605 concreta,
533 1530 770 1593 destrueretur.
794 1533 931 1593 Unitatis
960 1531 1102 1592 enimin

90 1612 243 1670 concreto
276 1616 432 1688 spectatae
460 1609 534 1672 fons
566 1617 598 1671 et
629 1613 826 1690 principium
858 1616 907 1671 est
929 1611 1101 1671 auctoritas

90 1686 185 1768 (246);
199 1691 290 1766 atqui
302 1693 476 1751 auctoritas
487 1707 592 1768 perse
605 1699 636 1752 et
647 1698 799 1753 concrete
811 1706 877 1750 una
887 1707 955 1751 non
964 1694 1065 1759 esset,
1076 1688 1103 1750 si

91 1769 277 1847 subjectum
307 1786 411 1830 unum
448 1786 514 1831 non
545 1769 745 1841 informaret,
767 1769 932 1848 siquidem
962 1786 1029 1830 non
1052 1774 1102 1829 est

91 1852 246 1909 concreta
261 1851 322 1910 nisi
337 1851 370 1910 in
381 1849 543 1928 subjecto.
557 1851 682 1924 Quibus
695 1851 737 1912 de
754 1851 859 1910 causis
871 1866 912 1909 ex
922 1855 1038 1910 natura
1053 1865 1104 1909 so-

92 1929 217 1988 cietatis
239 1931 387 2006 proxime
410 1932 622 2008 consequitur
642 1936 678 1991 ut
694 1932 750 2010 jus
771 1929 980 2010 gubernandi
1000 1943 1104 2007 penes

91 2007 226 2084 aliquod
248 2009 433 2087 subjectum
455 2010 609 2086 resideat,
634 2010 725 2088 quod
745 2010 881 2089 physice
903 2010 955 2070 vel
976 2007 1104 2069 morali-

91 2092 140 2148 ter
152 2087 194 2149 sit
207 2104 312 2149 unum
339 2109 345 2150 :
370 2087 461 2167 quod
480 2086 625 2162 fonditus
648 2092 765 2153 evertit
785 2090 993 2171 hypothesim
1016 2103 1102 2166 prae·

92 2166 255 2231 dictorum
275 2168 469 2247 legistarum
490 2170 628 2247 quinon
648 2172 749 2235 modo
775 2173 886 2233 volunt
911 2174 948 2231 ut
969 2170 1103 2231 diversae

90 2263 246 2323 personae
278 2248 481 2325 deputentur
508 2250 551 2311 ad
574 2250 702 2313 diversa
723 2250 840 2321 officia,
864 2250 1044 2311 sedetiam
1067 2254 1104 2309 ut

90 2326 277 2389 functiones
299 2331 452 2405 politicae,
475 2334 555 2406 puta
575 2334 723 2407 potestas
738 2330 919 2409 legislativa
941 2335 975 2390 et
995 2334 1104 2406 potes-

91 2411 142 2467 tas
170 2410 341 2471 executiva
366 2410 429 2471 sint
445 2409 521 2488 jura
546 2410 686 2484 diversa,
709 2427 862 2489 suprema
888 2416 920 2471 et
940 2409 1103 2485 indepen-

92 2485 206 2547 dentia
226 2490 261 2547 in
288 2488 422 2550 diversis
450 2490 614 2568 subjectis.
649 2488 728 2551 lnde
760 2492 881 2569 pehticl
905 2488 1105 2551 recentiores

92 2566 1107 2648 tribuuntinregiminemonarchicopotestatemlegislativam

92 2647 217 2723 populo
242 2653 275 2706 et
297 2649 504 2711 executivam
517 2651 600 2727 regi,
625 2655 739 2712 contra
757 2651 955 2727 principium
978 2669 985 2709 :
1008 2649 1107 2709 Adti-

94 2726 166 2785 lum
177 2728 317 2801 pertinet
332 2730 466 2789 condere
481 2728 593 2805 tepent,
611 2732 655 2790 od
676 2728 771 2805 quem
788 2733 931 2807 pertinet
953 2731 1108 2790 ordinare

95 2806 140 2865 od
153 2806 274 2865 benum
288 2824 473 2881 commuae;
486 2808 576 2869 unde
592 2808 626 2868 in
650 2808 799 2870 doctrina
812 2810 1019 2887 politicorum
1035 2824 1109 2867 nos-

10 2936 11 2945 ,
95 2890 150 2946 tra
179 2886 285 2945 aetatis
312 2892 508 2965 sequeretur
526 2890 580 2951 vel
601 2888 692 2965 quod
711 2906 771 2950 rex
792 2895 938 2967 nequeat
958 2889 1110 2950 ordinare

95 2964 139 3025 ad
160 2964 287 3025 bonum
309 2982 496 3041 commune,
518 2970 573 3030 vel
593 2968 684 3047 quod
698 2970 753 3030 lex
767 2986 835 3031 non
850 2971 891 3032 sit
906 2972 1045 3046 amplius
1060 2985 1110 3029 or·

96 3043 221 3106 dinatio
236 3047 368 3107 rationis
390 3046 433 3108 ad
453 3048 578 3111 bonum
600 3065 787 3111 commune.

11 3188 12 3213 χ
137 3125 169 3183 3⁰
184 3124 254 3185 Haec
276 3129 439 3204 separatio
462 3130 489 3189 si
510 3127 651 3190 obtineri
679 3134 803 3206 posset,
826 3131 942 3208 utique
964 3128 1112 3190 medium

11 3216 12 3249 ι
98 3202 218 3266 efficax
238 3203 324 3266 foret
346 3204 387 3267 ad
410 3208 554 3284 aliquem
575 3211 752 3287 tyrannum
774 3210 1001 3282 evertendum,
1027 3208 1113 3270 etad

100 3283 235 3345 consilia
268 3300 343 3362 quae
374 3291 488 3349 contra
519 3290 713 3350 societatem
743 3289 886 3351 nefande
908 3289 1111 3358 molirentur,

99 3363 296 3436 cohibenda,
330 3369 384 3427 aut
413 3367 531 3430 saltem
563 3368 609 3428 eis
639 3383 766 3429 moram
789 3367 1029 3449 objiciendam
1052 3366 1114 3430 sed

100 3442 143 3503 de
165 3458 202 3502 se
225 3448 276 3503 est
297 3443 446 3507 medium
466 3448 702 3521 subversionis,
726 3449 816 3527 quod
842 3452 1027 3525 praesertim
1055 3464 1114 3510 va-

12 3540 13 3571 2
98 3523 147 3583 let
167 3521 212 3584 ad
236 3526 420 3604 principem
442 3528 613 3589 cordatum
638 3533 671 3588 et
691 3529 771 3590 boni
791 3529 912 3606 publici
934 3533 1116 3590 amatorem

12 3606 13 3613 ’
99 3603 134 3663 in
151 3602 284 3681 justitie
318 3608 352 3665 et
372 3606 535 3668 bonorum
548 3608 721 3669 moralium
734 3609 966 3687 prosecutione
997 3624 1116 3690 perpe·

101 3686 158 3745 ιιιο
180 3684 215 3745 in
229 3685 296 3746 suis
316 3685 375 3749 vtis
396 3686 621 3749 irretiendum.
976 3688 979 3693 ’

424 3784 505 3834 Banv.
523 3784 598 3835 Phth.
613 3786 644 3836 Τ.
659 3784 703 3843 III,
719 3810 749 3824 -
764 3783 800 3835 ll.
