2642 4250
187 289 226 348 54
489 305 671 347 citrvimiuu
697 303 900 347 sextusomne

187 417 225 476 Et
251 430 338 485 oum,
365 404 407 474 ex
429 429 496 473 una
513 417 619 490 parte,
636 413 787 474 voluntas
807 417 943 490 appetat
961 414 1087 474 bonum
1110 416 1211 489 prout
1310 380 1312 425 ⁵

187 495 383 572 proponitur
407 493 448 552 ab
473 494 654 567 intellecto,
673 497 763 553 etex
788 495 901 566 altera,
922 493 1107 554 intellectus
1128 492 1211 553 iilud
1310 498 1312 575 1

113 637 116 644 ,
187 575 308 636 bonum
338 580 437 650 prout
469 573 502 632 in
532 589 567 633 se
602 579 652 634 est
680 589 868 650 proponere
898 573 1030 646 debeat,
1060 575 1212 650 sequitur
1310 588 1312 651 g

187 655 389 726 voluntatem
420 655 528 712 omnia
564 660 722 730 appetere
750 660 887 730 propter
917 654 1066 713 ultimum
1094 651 1209 726 finem,
1310 690 1312 733 5

187 751 250 795 seu
265 732 449 810 perfectum
464 733 600 794 bonum.
619 735 732 810 ltaque
750 733 934 794 destinatio
944 735 1084 794 hominis
1099 734 1133 793 in
1146 735 1211 794 hac
1310 736 1312 803 ἐ

186 817 255 876 vita
271 818 321 874 est
336 818 371 873 ut
386 812 429 873 ad
450 815 721 874 consecutionem
735 815 839 874 ultimi
857 812 930 874 finis
949 829 985 874 se
999 814 1062 873 rite
1077 811 1208 891 dirigat.
1310 816 1312 897 ξ

188 935 238 998 98.
256 937 417 996 -Tnosrs
437 936 474 995 11.
495 937 637 995 Directt'o
659 936 798 997 nominis
820 936 1029 998 adulitarum
1045 935 1143 1008 finem
1177 937 1211 996 in
1310 936 1312 977 ²

228 1017 342 1076 ordine
355 1014 479 1075 morati
486 1017 699 1091 procurando
715 1021 743 1076 et
752 1017 971 1091 promovendo
985 1017 1049 1076 sita
1062 1019 1118 1076 est.

114 1184 115 1188 ,
172 1174 174 1178 .
227 1138 401 1198 Probatur.
424 1139 565 1200 Directio
587 1143 620 1198 et
639 1137 809 1214 dispositio
828 1138 970 1199 hominis
993 1137 1035 1199 ad
1054 1139 1206 1199 ultimum
1310 1172 1312 1201 ς

187 1214 285 1278 finem
304 1222 372 1278 tres
391 1217 596 1279 characteres
613 1219 783 1294 complecti
802 1218 925 1278 debet:
945 1221 975 1280 10
993 1235 1134 1280 necesse
1155 1223 1208 1279 est
1310 1224 1312 1269 1

186 1301 224 1357 ut
249 1298 369 1358 tribuat
388 1299 511 1360 homini
535 1299 704 1358 maximam
729 1297 965 1375 perfectionem
989 1301 1024 1359 in
1051 1299 1113 1358 hac
1141 1301 1208 1360 vita
1310 1320 1312 1357 :

186 1379 390 1454 possibilem,
412 1394 486 1437 nam
508 1377 681 1438 destinatio
704 1379 887 1439 essentialis
902 1381 986 1438 entis
1001 1384 1051 1438 est
1066 1377 1206 1439 eviden-
1310 1368 1312 1401 ¹

188 1463 239 1517 ter
257 1457 298 1517 ad
319 1458 390 1535 ejus
409 1457 661 1532 perfectionem
684 1460 716 1518 2⁰
738 1459 913 1520 collineare
935 1457 1035 1518 dehet
1050 1475 1126 1518 cum
1139 1458 1206 1519 fine

186 1539 362 1599 universali
378 1555 478 1615 quem
493 1539 581 1598 Deus
601 1541 634 1600 in
650 1538 749 1617 hujus
768 1555 880 1599 rerum
893 1540 1107 1599 universitate
1123 1555 1206 1600 con-

176 1616 299 1678 denda
314 1616 470 1692 intendit;
491 1619 590 1678 homo
613 1619 702 1679 enim
723 1627 878 1695 estpars
900 1635 970 1695 quae
985 1619 1028 1679 ad
1049 1623 1152 1679 totum
1168 1636 1206 1679 se
1310 1622 1312 1685 j

185 1693 311 1757 referre
336 1697 451 1770 debet3
478 1698 508 1758 3⁰
534 1697 605 1776 ejus
633 1700 862 1758 executionem
886 1713 960 1758 esse
981 1700 1017 1758 in
1039 1700 1205 1777 cujusque
1310 1704 1312 1761 1

186 1777 326 1838 hominis
351 1781 514 1854 potestate
541 1782 682 1855 oportet,
706 1793 781 1838 nam
797 1778 905 1857 agitur
925 1778 966 1838 de
989 1782 1065 1838 ente
1086 1780 1205 1849 libero,
1310 1796 1312 1833 ε

188 1857 279 1932 quod
299 1857 437 1933 proinde
459 1856 560 1918 debet
578 1861 688 1934 ipsum
706 1874 798 1917 suam
820 1857 1073 1918 destinationem
1093 1859 1127 1918 in
1147 1875 1206 1920 ao·
1310 1870 1312 1917 ;

189 1941 258 1996 tum
279 1936 453 1998 reducere.
479 1937 588 2014 Atqui,
614 1939 647 1998 in
671 1937 787 1997 ordine
806 1938 920 1999 morali
939 1939 1147 2012 procurando
1169 1941 1204 1998 et
1310 1922 1312 2006 ἶ

185 2019 425 2092 promovende,
440 2016 648 2079 verificantur
670 2018 731 2079 illae
746 2023 812 2076 tres
829 2015 1035 2078 conditiones
1053 2038 1059 2077 :
1079 2019 1107 2077 10
1122 2017 1205 2079 ordo
1310 2032 1312 2057 =

185 2098 316 2160 moralis
332 2090 385 2159 est'
396 2101 534 2159 maxima
547 2099 689 2158 hominis
704 2095 875 2174 perfectio,
891 2096 1053 2175 siquidem
1069 2098 1112 2159 ad
1126 2114 1204 2175 par-

186 2183 252 2237 tem
266 2180 458 2238 rationalem
473 2176 628 2249 refertum
652 2180 684 2238 20
703 2183 753 2239 est
772 2177 852 2238 ordo
869 2180 1021 2256 proprius
1037 2183 1204 2239 creatura·
1310 2175 1312 2233 ἐ

185 2272 260 2317 rum
283 2258 490 2318 rationalium
514 2258 667 2319 libertate
696 2256 913 2334 praeditarum,
945 2274 1005 2318 seu
1029 2257 1205 2334 perfectio·

185 2352 270 2407 rum,
288 2354 326 2397 ac
342 2338 479 2413 proinde
495 2340 657 2415 praecipua
673 2354 748 2414 pars
762 2337 835 2397 finis
851 2354 951 2415 quem
962 2340 1050 2399 Deus
1064 2339 1098 2397 in
1114 2354 1207 2398 crea·
1283 2350 1289 2359 ·
1310 2347 1312 2398 ῑ

187 2419 276 2477 tione
292 2434 402 2478 rerum
421 2417 579 2491 intendit;
596 2418 626 2477 3⁰
642 2418 729 2477 bona
752 2418 794 2477 ad
808 2434 917 2478 mores
931 2418 1090 2481 honestos
1105 2420 1205 2495 perti·
1310 2449 1312 2472 1

185 2498 298 2557 nentia
313 2499 354 2558 ad
371 2502 496 2557 rectum
511 2514 607 2558 usum
622 2498 798 2558 voluntatis
814 2514 850 2557 se
865 2496 1023 2572 referunt,
1041 2515 1080 2557 ac
1094 2500 1207 2559 subin·
1310 2499 1312 2556 i

186 2574 229 2637 de
244 2584 321 2641 sunt
337 2578 508 2638 evidenter
520 2580 553 2638 in
568 2581 733 2654 potestate
749 2579 900 2639 hominis.
916 2578 1013 2656 Ergo.
1029 2575 1082 2659 (1).

185 2700 292 2840 1191)-
306 2702 412 2760 'l'nnsis
433 2701 469 2761 11.
496 2704 594 2763 Veros
610 2700 687 2773 finis
705 2701 897 2778 simpliciter
910 2689 1044 2761 ultimus
1060 2707 1104 2762 est
1117 2702 1208 2760 solos

256 2796 322 2841 cuc.

225 2905 398 2965 Probatur.
424 2904 508 2964 Finis
532 2904 722 2980 simpliciter
740 2904 873 2963 ultimus
894 2907 944 2964 est
961 2904 1015 2963 ille
1036 2901 1078 2963 ad
1103 2920 1206 2981 quem
1310 2881 1312 2982 Ξ

187 3000 303 3045 omnes
320 2990 409 3044 actus
424 2986 525 3045 nostri
541 2984 694 3053 explicite
706 2983 759 3045 vel
770 2984 923 3060 implicite
934 2982 1050 3043 referri
1065 2983 1203 3062 dehent,
1310 2994 1312 3038 :

186 3070 219 3124 et
244 3066 300 3141 qui
324 3067 464 3142 ipsemet
487 3064 634 3125 adalind
655 3063 889 3141 quodcumque
908 3062 1052 3123 ordinari
1074 3067 1203 3142 nequit,
1310 3059 1312 3131 ἔ

74 3186 97 3199 »
185 3146 242 3221 qul
271 3146 367 3205 etiam
395 3146 485 3204 solus
513 3144 694 3221 appetitum
729 3147 879 3203 nostrum
915 3145 1048 3217 explere
1081 3150 1204 3220 potest,
1310 3146 1312 3181 ÷

173 3225 283 3299 Atqui
306 3224 340 3283 in
365 3225 433 3283 Deo
458 3224 528 3283 solo
554 3226 619 3283 istae
645 3223 851 3284 conditiones
875 3222 1098 3295 verificantur3
1124 3240 1203 3283 nam
1310 3237 1312 3297 ξ

186 3306 216 3364 10
231 3306 320 3365 Deus
339 3304 429 3363 solus
449 3306 535 3364 inter
554 3303 662 3365 omnia
682 3303 770 3363 bona
790 3319 861 3379 quae
879 3304 976 3364 homo
997 3306 1134 3380 appetit,
1152 3307 1206 3363 est

182 3384 264 3445 illud
286 3382 376 3461 quod
400 3383 442 3444 ad
466 3383 581 3443 melius
607 3387 640 3444 et
662 3382 878 3443 universalius
902 3382 1046 3443 ordinari
1068 3386 1202 3461 nequit;
1310 3388 1312 3404 ²

176 3464 214 3523 2⁰
233 3467 323 3524 Deus
336 3464 436 3532 solus,
457 3479 519 3524 seu
537 3479 698 3523 summum
712 3463 849 3535 honum,
867 3478 982 3522 omnes
996 3468 1126 3523 nostros
1142 3480 1205 3539 ap·
1310 3459 1312 3515 ἶ

62 3542 67 3591 Γ
175 3544 306 3621 petitus
321 3546 439 3604 satiare
454 3547 565 3619 potest
578 3541 673 3635 (1112).
688 3544 773 3621 Ergo
788 3545 877 3603 Deus
891 3544 982 3603 solus
998 3547 1048 3603 est
1061 3540 1134 3603 finis
1148 3544 1202 3605 ul-

68 3710 69 3717 ,
95 3756 97 3763 Ι
211 3688 246 3754 (1)
260 3688 416 3747 cicerone,
434 3687 535 3751 natica,
551 3702 576 3737 c.
586 3686 606 3735 1.
620 3700 647 3736 a.
661 3688 688 3737 3.
