<?xml version="1.0" encoding="UTF-8"?>
<!DOCTYPE html PUBLIC "-//W3C//DTD XHTML 1.0 Transitional//EN"
    "http://www.w3.org/TR/xhtml1/DTD/xhtml1-transitional.dtd">
<html xmlns="http://www.w3.org/1999/xhtml" xml:lang="en" lang="en">
 <head>
  <title>
</title>
<meta http-equiv="Content-Type" content="text/html;charset=utf-8" />
  <meta name='ocr-system' content='tesseract 3.04.00' />
  <meta name='ocr-capabilities' content='ocr_page ocr_carea ocr_par ocr_line ocrx_word'/>
</head>
<body>
  <div class='ocr_page' id='page_1' title='image "./brevariumphilos00grangoog_0144.png"; bbox 0 0 2642 4250; ppageno 0'>
   <div class='ocr_carea' id='block_1_1' title="bbox 183 268 887 338">
    <p class='ocr_par' dir='ltr' id='par_1_1' title="bbox 183 268 887 338">
     <span class='ocr_line' id='line_1_1' title="bbox 183 268 887 338; baseline 0.003 -2"><span class='ocrx_word' id='word_1_1' title='bbox 183 268 240 336; x_wconf 75' lang='grc' dir='ltr'>Ι132</span> <span class='ocrx_word' id='word_1_2' title='bbox 486 293 664 338; x_wconf 79' lang='lat' dir='ltr'>nnnvrnnrun</span> <span class='ocrx_word' id='word_1_3' title='bbox 685 294 887 338; x_wconf 76' lang='lat' dir='ltr'>PHtLOSOPHiAE</span> 
     </span>
    </p>
   </div>
   <div class='ocr_carea' id='block_1_2' title="bbox 178 407 1200 1048">
    <p class='ocr_par' dir='ltr' id='par_1_2' title="bbox 178 407 1200 1048">
     <span class='ocr_line' id='line_1_2' title="bbox 181 407 1196 488; baseline 0.004 -22"><span class='ocrx_word' id='word_1_4' title='bbox 181 407 299 467; x_wconf 90' lang='lat' dir='ltr'>nicatio</span> <span class='ocrx_word' id='word_1_5' title='bbox 329 409 460 470; x_wconf 89' lang='lat' dir='ltr'>nonnisi</span> <span class='ocrx_word' id='word_1_6' title='bbox 476 409 561 467; x_wconf 89' lang='lat' dir='ltr'>inter</span> <span class='ocrx_word' id='word_1_7' title='bbox 579 408 731 470; x_wconf 90' lang='lat' dir='ltr'>homines</span> <span class='ocrx_word' id='word_1_8' title='bbox 755 410 883 488; x_wconf 83' lang='lat' dir='ltr'>origine</span> <span class='ocrx_word' id='word_1_9' title='bbox 908 415 941 470; x_wconf 88' lang='lat' dir='ltr'>et</span> <span class='ocrx_word' id='word_1_10' title='bbox 962 410 1033 470; x_wconf 89' lang='lat' dir='ltr'>loco</span> <span class='ocrx_word' id='word_1_11' title='bbox 1058 409 1196 486; x_wconf 92' lang='lat' dir='ltr'>propin-</span> 
     </span>
     <span class='ocr_line' id='line_1_3' title="bbox 180 487 1200 568; baseline 0.002 -20"><span class='ocrx_word' id='word_1_12' title='bbox 180 490 313 564; x_wconf 87' lang='lat' dir='ltr'>quiores</span> <span class='ocrx_word' id='word_1_13' title='bbox 328 487 441 548; x_wconf 92' lang='lat' dir='ltr'>haberi</span> <span class='ocrx_word' id='word_1_14' title='bbox 456 491 577 565; x_wconf 89' lang='lat' dir='ltr'>potest.</span> <span class='ocrx_word' id='word_1_15' title='bbox 596 489 709 565; x_wconf 88' lang='lat' dir='ltr'>ltaque</span> <span class='ocrx_word' id='word_1_16' title='bbox 725 505 764 549; x_wconf 78' lang='lat' dir='ltr'>ex</span> <span class='ocrx_word' id='word_1_17' title='bbox 775 505 835 550; x_wconf 89' lang='lat' dir='ltr'>sua</span> <span class='ocrx_word' id='word_1_18' title='bbox 845 491 1047 565; x_wconf 73' lang='lat' dir='ltr'>proclivitate</span> <span class='ocrx_word' id='word_1_19' title='bbox 1058 491 1200 568; x_wconf 86' lang='lat' dir='ltr'>physica</span> 
     </span>
     <span class='ocr_line' id='line_1_4' title="bbox 180 567 1198 644; baseline 0.001 -16"><span class='ocrx_word' id='word_1_20' title='bbox 180 571 213 628; x_wconf 88' lang='lat' dir='ltr'>et</span> <span class='ocrx_word' id='word_1_21' title='bbox 224 568 359 638; x_wconf 86' lang='lat' dir='ltr'>morali,</span> <span class='ocrx_word' id='word_1_22' title='bbox 369 568 466 628; x_wconf 90' lang='lat' dir='ltr'>homo</span> <span class='ocrx_word' id='word_1_23' title='bbox 482 567 659 644; x_wconf 80' lang='lat' dir='ltr'>impellitur</span> <span class='ocrx_word' id='word_1_24' title='bbox 674 568 717 628; x_wconf 87' lang='lat' dir='ltr'>ad</span> <span class='ocrx_word' id='word_1_25' title='bbox 731 585 834 630; x_wconf 83' lang='lat' dir='ltr'>noras</span> <span class='ocrx_word' id='word_1_26' title='bbox 845 571 1020 630; x_wconf 72' lang='lat' dir='ltr'>relationes</span> <span class='ocrx_word' id='word_1_27' title='bbox 1034 568 1198 630; x_wconf 91' lang='lat' dir='ltr'>creandas</span> 
     </span>
     <span class='ocr_line' id='line_1_5' title="bbox 179 645 1197 728; baseline 0.002 -22"><span class='ocrx_word' id='word_1_28' title='bbox 179 663 255 707; x_wconf 87' lang='lat' dir='ltr'>curn</span> <span class='ocrx_word' id='word_1_29' title='bbox 274 645 405 709; x_wconf 85' lang='lat' dir='ltr'>familiis</span> <span class='ocrx_word' id='word_1_30' title='bbox 421 645 641 726; x_wconf 82' lang='lat' dir='ltr'>vicinioribus.</span> <span class='ocrx_word' id='word_1_31' title='bbox 672 649 756 726; x_wconf 86' lang='lat' dir='ltr'>Ergo</span> <span class='ocrx_word' id='word_1_32' title='bbox 781 652 975 728; x_wconf 80' lang='lat' dir='ltr'>propagatio</span> <span class='ocrx_word' id='word_1_33' title='bbox 997 648 1197 710; x_wconf 81' lang='lat' dir='ltr'>familiarum</span> 
     </span>
     <span class='ocr_line' id='line_1_6' title="bbox 179 724 1196 806; baseline 0.002 -19"><span class='ocrx_word' id='word_1_34' title='bbox 179 742 250 804; x_wconf 79' lang='lat' dir='ltr'>qun</span> <span class='ocrx_word' id='word_1_35' title='bbox 270 729 426 787; x_wconf 88' lang='lat' dir='ltr'>terminos</span> <span class='ocrx_word' id='word_1_36' title='bbox 442 724 640 786; x_wconf 85' lang='lat' dir='ltr'>relationum</span> <span class='ocrx_word' id='word_1_37' title='bbox 655 727 827 788; x_wconf 88' lang='lat' dir='ltr'>socialium</span> <span class='ocrx_word' id='word_1_38' title='bbox 842 727 1028 806; x_wconf 90' lang='lat' dir='ltr'>amplificat,</span> <span class='ocrx_word' id='word_1_39' title='bbox 1046 745 1196 790; x_wconf 91' lang='lat' dir='ltr'>commu-</span> 
     </span>
     <span class='ocr_line' id='line_1_7' title="bbox 178 804 1193 886; baseline 0.002 -20"><span class='ocrx_word' id='word_1_40' title='bbox 178 809 265 867; x_wconf 87' lang='lat' dir='ltr'>nitas</span> <span class='ocrx_word' id='word_1_41' title='bbox 281 806 399 884; x_wconf 88' lang='lat' dir='ltr'>stipitis</span> <span class='ocrx_word' id='word_1_42' title='bbox 415 822 485 882; x_wconf 84' lang='lat' dir='ltr'>quae</span> <span class='ocrx_word' id='word_1_43' title='bbox 512 804 649 868; x_wconf 79' lang='lat' dir='ltr'>familias</span> <span class='ocrx_word' id='word_1_44' title='bbox 675 807 875 885; x_wconf 86' lang='lat' dir='ltr'>propinquat</span> <span class='ocrx_word' id='word_1_45' title='bbox 890 815 923 869; x_wconf 90' lang='lat' dir='ltr'>et</span> <span class='ocrx_word' id='word_1_46' title='bbox 946 807 1193 886; x_wconf 91' lang='lat' dir='ltr'>quodammodo</span> 
     </span>
     <span class='ocr_line' id='line_1_8' title="bbox 180 885 1194 966; baseline 0.006 -21"><span class='ocrx_word' id='word_1_47' title='bbox 180 889 383 958; x_wconf 76' lang='lat' dir='ltr'>commiscet,</span> <span class='ocrx_word' id='word_1_48' title='bbox 404 886 517 947; x_wconf 88' lang='lat' dir='ltr'>haberi</span> <span class='ocrx_word' id='word_1_49' title='bbox 535 885 635 946; x_wconf 85' lang='lat' dir='ltr'>debet</span> <span class='ocrx_word' id='word_1_50' title='bbox 647 896 684 947; x_wconf 91' lang='lat' dir='ltr'>ut</span> <span class='ocrx_word' id='word_1_51' title='bbox 707 885 834 949; x_wconf 87' lang='lat' dir='ltr'>iactum</span> <span class='ocrx_word' id='word_1_52' title='bbox 856 889 1018 960; x_wconf 89' lang='lat' dir='ltr'>naturale,</span> <span class='ocrx_word' id='word_1_53' title='bbox 1034 888 1125 966; x_wconf 92' lang='lat' dir='ltr'>quod</span> <span class='ocrx_word' id='word_1_54' title='bbox 1138 905 1194 950; x_wconf 92' lang='lat' dir='ltr'>so·</span> 
     </span>
     <span class='ocr_line' id='line_1_9' title="bbox 179 965 660 1048; baseline -0.002 -22"><span class='ocrx_word' id='word_1_55' title='bbox 179 965 289 1048; x_wconf 87' lang='lat' dir='ltr'>cietati</span> <span class='ocrx_word' id='word_1_56' title='bbox 306 967 390 1046; x_wconf 83' lang='lat' dir='ltr'>civili</span> <span class='ocrx_word' id='word_1_57' title='bbox 412 967 573 1044; x_wconf 82' lang='lat' dir='ltr'>originem</span> <span class='ocrx_word' id='word_1_58' title='bbox 590 965 660 1025; x_wconf 83' lang='lat' dir='ltr'>dal.</span> 
     </span>
    </p>
   </div>
   <div class='ocr_carea' id='block_1_3' title="bbox 426 1087 953 1173">
    <p class='ocr_par' dir='ltr' id='par_1_3' title="bbox 426 1087 953 1173">
     <span class='ocr_line' id='line_1_10' title="bbox 426 1087 953 1173; baseline 0.004 -31"><span class='ocrx_word' id='word_1_59' title='bbox 426 1092 444 1152; x_wconf 67' lang='grc' dir='ltr'><strong>ἓ</strong></span> <span class='ocrx_word' id='word_1_60' title='bbox 458 1089 496 1152; x_wconf 41' lang='grc' dir='ltr'>ΙΙ.ιη</span> <span class='ocrx_word' id='word_1_61' title='bbox 506 1115 539 1128; x_wconf 95' lang='grc'>-</span> <span class='ocrx_word' id='word_1_62' title='bbox 554 1089 595 1142; x_wconf 90' lang='lat' dir='ltr'>De</span> <span class='ocrx_word' id='word_1_63' title='bbox 609 1087 668 1142; x_wconf 90' lang='lat' dir='ltr'>fine</span> <span class='ocrx_word' id='word_1_64' title='bbox 682 1089 832 1173; x_wconf 84' lang='lat' dir='ltr'>societatis</span> <span class='ocrx_word' id='word_1_65' title='bbox 846 1089 953 1144; x_wconf 77' lang='lat' dir='ltr'>civilio.</span> 
     </span>
    </p>
   </div>
   <div class='ocr_carea' id='block_1_4' title="bbox 112 1203 1193 3757">
    <p class='ocr_par' dir='ltr' id='par_1_4' title="bbox 174 1203 1193 1602">
     <span class='ocr_line' id='line_1_11' title="bbox 215 1203 1193 1285; baseline 0.003 -21"><span class='ocrx_word' id='word_1_66' title='bbox 215 1204 287 1265; x_wconf 78' lang='lat'>241.</span> <span class='ocrx_word' id='word_1_67' title='bbox 305 1236 343 1246; x_wconf 89' lang='lat'><em>-</em></span> <span class='ocrx_word' id='word_1_68' title='bbox 359 1203 511 1280; x_wconf 87' lang='lat' dir='ltr'>Spectata</span> <span class='ocrx_word' id='word_1_69' title='bbox 542 1203 669 1281; x_wconf 84' lang='lat' dir='ltr'>origine</span> <span class='ocrx_word' id='word_1_70' title='bbox 692 1206 858 1264; x_wconf 91' lang='lat' dir='ltr'>societatis</span> <span class='ocrx_word' id='word_1_71' title='bbox 872 1205 1019 1282; x_wconf 79' lang='lat' dir='ltr'>politica,</span> <span class='ocrx_word' id='word_1_72' title='bbox 1051 1206 1094 1266; x_wconf 93' lang='lat' dir='ltr'>ad</span> <span class='ocrx_word' id='word_1_73' title='bbox 1116 1205 1193 1285; x_wconf 87' lang='lat' dir='ltr'>ejus</span> 
     </span>
     <span class='ocr_line' id='line_1_12' title="bbox 175 1281 1189 1365; baseline 0.003 -22"><span class='ocrx_word' id='word_1_74' title='bbox 175 1281 277 1346; x_wconf 89' lang='lat' dir='ltr'>finem</span> <span class='ocrx_word' id='word_1_75' title='bbox 291 1282 517 1362; x_wconf 84' lang='lat' dir='ltr'>indagandum</span> <span class='ocrx_word' id='word_1_76' title='bbox 540 1285 681 1361; x_wconf 83' lang='lat' dir='ltr'>migrare</span> <span class='ocrx_word' id='word_1_77' title='bbox 698 1289 848 1365; x_wconf 87' lang='lat' dir='ltr'>oportet,</span> <span class='ocrx_word' id='word_1_78' title='bbox 875 1288 909 1344; x_wconf 90' lang='lat' dir='ltr'>et</span> <span class='ocrx_word' id='word_1_79' title='bbox 932 1285 1067 1362; x_wconf 87' lang='lat' dir='ltr'>qnidam</span> <span class='ocrx_word' id='word_1_80' title='bbox 1092 1294 1189 1346; x_wconf 90' lang='lat' dir='ltr'>ante-</span> 
     </span>
     <span class='ocr_line' id='line_1_13' title="bbox 177 1362 1192 1442; baseline 0.002 -18"><span class='ocrx_word' id='word_1_81' title='bbox 177 1379 275 1442; x_wconf 87' lang='lat' dir='ltr'>quam</span> <span class='ocrx_word' id='word_1_82' title='bbox 293 1362 334 1424; x_wconf 90' lang='lat' dir='ltr'>de</span> <span class='ocrx_word' id='word_1_83' title='bbox 350 1362 502 1442; x_wconf 77' lang='lat' dir='ltr'>ejusdem</span> <span class='ocrx_word' id='word_1_84' title='bbox 517 1371 678 1424; x_wconf 88' lang='lat' dir='ltr'>structura</span> <span class='ocrx_word' id='word_1_85' title='bbox 693 1364 905 1440; x_wconf 91' lang='lat' dir='ltr'>eloquamur;</span> <span class='ocrx_word' id='word_1_86' title='bbox 931 1365 1004 1425; x_wconf 90' lang='lat' dir='ltr'>linis</span> <span class='ocrx_word' id='word_1_87' title='bbox 1027 1366 1115 1425; x_wconf 90' lang='lat' dir='ltr'>enim</span> <span class='ocrx_word' id='word_1_88' title='bbox 1139 1371 1192 1426; x_wconf 84' lang='lat' dir='ltr'>est</span> 
     </span>
     <span class='ocr_line' id='line_1_14' title="bbox 178 1441 1192 1522; baseline 0.002 -18"><span class='ocrx_word' id='word_1_89' title='bbox 178 1444 344 1504; x_wconf 90' lang='lat' dir='ltr'>criterium</span> <span class='ocrx_word' id='word_1_90' title='bbox 359 1460 423 1520; x_wconf 92' lang='lat' dir='ltr'>quo</span> <span class='ocrx_word' id='word_1_91' title='bbox 441 1442 482 1503; x_wconf 91' lang='lat' dir='ltr'>de</span> <span class='ocrx_word' id='word_1_92' title='bbox 504 1441 619 1503; x_wconf 88' lang='lat' dir='ltr'>ciliciis</span> <span class='ocrx_word' id='word_1_93' title='bbox 635 1449 669 1502; x_wconf 91' lang='lat' dir='ltr'>et</span> <span class='ocrx_word' id='word_1_94' title='bbox 688 1443 831 1521; x_wconf 70' lang='lat' dir='ltr'>juribus</span> <span class='ocrx_word' id='word_1_95' title='bbox 856 1449 890 1503; x_wconf 88' lang='lat' dir='ltr'>et</span> <span class='ocrx_word' id='word_1_96' title='bbox 913 1443 955 1505; x_wconf 92' lang='lat' dir='ltr'>de</span> <span class='ocrx_word' id='word_1_97' title='bbox 981 1447 1051 1522; x_wconf 91' lang='lat' dir='ltr'>ipsa</span> <span class='ocrx_word' id='word_1_98' title='bbox 1071 1454 1192 1507; x_wconf 89' lang='lat' dir='ltr'>natura</span> 
     </span>
     <span class='ocr_line' id='line_1_15' title="bbox 174 1523 918 1602; baseline -0.003 -17"><span class='ocrx_word' id='word_1_99' title='bbox 174 1523 342 1585; x_wconf 87' lang='lat' dir='ltr'>societatis</span> <span class='ocrx_word' id='word_1_100' title='bbox 358 1523 441 1585; x_wconf 91' lang='lat' dir='ltr'>illius</span> <span class='ocrx_word' id='word_1_101' title='bbox 453 1523 615 1602; x_wconf 87' lang='lat' dir='ltr'>judicium</span> <span class='ocrx_word' id='word_1_102' title='bbox 631 1523 716 1583; x_wconf 84' lang='lat' dir='ltr'>ferre</span> <span class='ocrx_word' id='word_1_103' title='bbox 731 1539 918 1598; x_wconf 81' lang='lat' dir='ltr'>possumus</span> 
     </span>
    </p>

    <p class='ocr_par' dir='ltr' id='par_1_5' title="bbox 169 1601 1191 2236">
     <span class='ocr_line' id='line_1_16' title="bbox 218 1601 1191 1682; baseline 0.003 -19"><span class='ocrx_word' id='word_1_104' title='bbox 218 1603 312 1680; x_wconf 84' lang='lat' dir='ltr'>Origo</span> <span class='ocrx_word' id='word_1_105' title='bbox 328 1605 493 1663; x_wconf 89' lang='lat' dir='ltr'>societatis</span> <span class='ocrx_word' id='word_1_106' title='bbox 509 1603 609 1663; x_wconf 89' lang='lat' dir='ltr'>civilis</span> <span class='ocrx_word' id='word_1_107' title='bbox 630 1601 762 1662; x_wconf 90' lang='lat' dir='ltr'>nonnisi</span> <span class='ocrx_word' id='word_1_108' title='bbox 780 1604 925 1664; x_wconf 87' lang='lat' dir='ltr'>obscure</span> <span class='ocrx_word' id='word_1_109' title='bbox 950 1619 1089 1681; x_wconf 91' lang='lat' dir='ltr'>scopum</span> <span class='ocrx_word' id='word_1_110' title='bbox 1114 1605 1191 1682; x_wconf 84' lang='lat' dir='ltr'>ejus</span> 
     </span>
     <span class='ocr_line' id='line_1_17' title="bbox 174 1681 1190 1760; baseline 0.003 -17"><span class='ocrx_word' id='word_1_111' title='bbox 174 1683 330 1754; x_wconf 87' lang='lat' dir='ltr'>ostendit,</span> <span class='ocrx_word' id='word_1_112' title='bbox 358 1684 432 1760; x_wconf 92' lang='lat' dir='ltr'>quia</span> <span class='ocrx_word' id='word_1_113' title='bbox 455 1681 606 1742; x_wconf 88' lang='lat' dir='ltr'>homines</span> <span class='ocrx_word' id='word_1_114' title='bbox 627 1683 783 1742; x_wconf 89' lang='lat' dir='ltr'>instinctu</span> <span class='ocrx_word' id='word_1_115' title='bbox 804 1683 1015 1743; x_wconf 89' lang='lat' dir='ltr'>adducuntur</span> <span class='ocrx_word' id='word_1_116' title='bbox 1039 1684 1081 1745; x_wconf 90' lang='lat' dir='ltr'>ad</span> <span class='ocrx_word' id='word_1_117' title='bbox 1100 1685 1190 1746; x_wconf 90' lang='lat' dir='ltr'>hanc</span> 
     </span>
     <span class='ocr_line' id='line_1_18' title="bbox 173 1762 1186 1839; baseline 0.003 -17"><span class='ocrx_word' id='word_1_118' title='bbox 173 1763 378 1834; x_wconf 87' lang='lat' dir='ltr'>societatem,</span> <span class='ocrx_word' id='word_1_119' title='bbox 397 1765 603 1839; x_wconf 85' lang='lat' dir='ltr'>potiusquam</span> <span class='ocrx_word' id='word_1_120' title='bbox 623 1763 750 1823; x_wconf 87' lang='lat' dir='ltr'>ratione</span> <span class='ocrx_word' id='word_1_121' title='bbox 775 1769 810 1822; x_wconf 93' lang='lat' dir='ltr'>et</span> <span class='ocrx_word' id='word_1_122' title='bbox 829 1762 1020 1824; x_wconf 83' lang='lat' dir='ltr'>reflexione.</span> <span class='ocrx_word' id='word_1_123' title='bbox 1045 1767 1186 1824; x_wconf 91' lang='lat' dir='ltr'>Verum-</span> 
     </span>
     <span class='ocr_line' id='line_1_19' title="bbox 174 1842 1188 1922; baseline 0.002 -19"><span class='ocrx_word' id='word_1_124' title='bbox 174 1846 286 1903; x_wconf 89' lang='lat' dir='ltr'>tamen</span> <span class='ocrx_word' id='word_1_125' title='bbox 300 1843 503 1920; x_wconf 89' lang='lat' dir='ltr'>hypotheses</span> <span class='ocrx_word' id='word_1_126' title='bbox 518 1843 604 1902; x_wconf 90' lang='lat' dir='ltr'>circa</span> <span class='ocrx_word' id='word_1_127' title='bbox 619 1842 781 1920; x_wconf 76' lang='lat' dir='ltr'>originem</span> <span class='ocrx_word' id='word_1_128' title='bbox 802 1843 981 1902; x_wconf 89' lang='lat' dir='ltr'>consimilia</span> <span class='ocrx_word' id='word_1_129' title='bbox 1004 1848 1188 1922; x_wconf 88' lang='lat' dir='ltr'>systemata</span> 
     </span>
     <span class='ocr_line' id='line_1_20' title="bbox 173 1920 1184 1994; baseline 0.004 -12"><span class='ocrx_word' id='word_1_130' title='bbox 173 1925 274 1983; x_wconf 86' lang='lat' dir='ltr'>etiam</span> <span class='ocrx_word' id='word_1_131' title='bbox 288 1921 450 1984; x_wconf 90' lang='lat' dir='ltr'>inducunt</span> <span class='ocrx_word' id='word_1_132' title='bbox 465 1923 549 1982; x_wconf 89' lang='lat' dir='ltr'>circa</span> <span class='ocrx_word' id='word_1_133' title='bbox 569 1921 687 1994; x_wconf 84' lang='lat' dir='ltr'>linem3</span> <span class='ocrx_word' id='word_1_134' title='bbox 704 1921 782 1982; x_wconf 91' lang='lat' dir='ltr'>inde</span> <span class='ocrx_word' id='word_1_135' title='bbox 797 1922 945 1982; x_wconf 90' lang='lat' dir='ltr'>nonnulli</span> <span class='ocrx_word' id='word_1_136' title='bbox 960 1920 1061 1983; x_wconf 86' lang='lat' dir='ltr'>finem</span> <span class='ocrx_word' id='word_1_137' title='bbox 1076 1927 1184 1986; x_wconf 90' lang='lat' dir='ltr'>socie-</span> 
     </span>
     <span class='ocr_line' id='line_1_21' title="bbox 171 2001 1186 2079; baseline 0.003 -17"><span class='ocrx_word' id='word_1_138' title='bbox 171 2003 244 2062; x_wconf 90' lang='lat' dir='ltr'>tatis</span> <span class='ocrx_word' id='word_1_139' title='bbox 259 2006 437 2079; x_wconf 87' lang='lat' dir='ltr'>reponunt,</span> <span class='ocrx_word' id='word_1_140' title='bbox 453 2002 506 2064; x_wconf 93' lang='lat' dir='ltr'>alli</span> <span class='ocrx_word' id='word_1_141' title='bbox 526 2005 559 2061; x_wconf 88' lang='lat' dir='ltr'>in</span> <span class='ocrx_word' id='word_1_142' title='bbox 581 2001 683 2062; x_wconf 88' lang='lat' dir='ltr'>tutela</span> <span class='ocrx_word' id='word_1_143' title='bbox 693 2001 819 2079; x_wconf 89' lang='lat' dir='ltr'>jurium</span> <span class='ocrx_word' id='word_1_144' title='bbox 830 2002 883 2062; x_wconf 90' lang='lat' dir='ltr'>vel</span> <span class='ocrx_word' id='word_1_145' title='bbox 895 2002 927 2061; x_wconf 90' lang='lat' dir='ltr'>in</span> <span class='ocrx_word' id='word_1_146' title='bbox 944 2005 1122 2064; x_wconf 87' lang='lat' dir='ltr'>securitate</span> <span class='ocrx_word' id='word_1_147' title='bbox 1135 2005 1186 2066; x_wconf 88' lang='lat' dir='ltr'>in-</span> 
     </span>
     <span class='ocr_line' id='line_1_22' title="bbox 170 2081 1184 2160; baseline 0.002 -17"><span class='ocrx_word' id='word_1_148' title='bbox 170 2085 264 2143; x_wconf 87' lang='lat' dir='ltr'>terna</span> <span class='ocrx_word' id='word_1_149' title='bbox 281 2085 314 2143; x_wconf 87' lang='lat' dir='ltr'>ct</span> <span class='ocrx_word' id='word_1_150' title='bbox 329 2089 463 2143; x_wconf 82' lang='lat' dir='ltr'>externa</span> <span class='ocrx_word' id='word_1_151' title='bbox 479 2081 654 2155; x_wconf 89' lang='lat' dir='ltr'>sociorum,</span> <span class='ocrx_word' id='word_1_152' title='bbox 679 2083 744 2154; x_wconf 87' lang='lat' dir='ltr'>alii,</span> <span class='ocrx_word' id='word_1_153' title='bbox 760 2082 794 2143; x_wconf 94' lang='lat' dir='ltr'>in</span> <span class='ocrx_word' id='word_1_154' title='bbox 819 2081 913 2160; x_wconf 90' lang='lat' dir='ltr'>copia</span> <span class='ocrx_word' id='word_1_155' title='bbox 933 2083 1098 2145; x_wconf 92' lang='lat' dir='ltr'>bonorum</span> <span class='ocrx_word' id='word_1_156' title='bbox 1123 2101 1184 2147; x_wconf 85' lang='lat' dir='ltr'>ex-</span> 
     </span>
     <span class='ocr_line' id='line_1_23' title="bbox 169 2168 431 2236; baseline 0 -12"><span class='ocrx_word' id='word_1_157' title='bbox 169 2169 349 2236; x_wconf 89' lang='lat' dir='ltr'>ternorum,</span> <span class='ocrx_word' id='word_1_158' title='bbox 367 2168 431 2224; x_wconf 90' lang='lat' dir='ltr'>etc.</span> 
     </span>
    </p>

    <p class='ocr_par' dir='ltr' id='par_1_6' title="bbox 112 2240 1187 3435">
     <span class='ocr_line' id='line_1_24' title="bbox 209 2240 1186 2319; baseline 0.001 -16"><span class='ocrx_word' id='word_1_159' title='bbox 209 2244 351 2314; x_wconf 90' lang='lat' dir='ltr'>Kantius,</span> <span class='ocrx_word' id='word_1_160' title='bbox 383 2247 426 2313; x_wconf 86' lang='lat' dir='ltr'>ct,</span> <span class='ocrx_word' id='word_1_161' title='bbox 462 2244 539 2319; x_wconf 89' lang='lat' dir='ltr'>post</span> <span class='ocrx_word' id='word_1_162' title='bbox 572 2241 675 2312; x_wconf 91' lang='lat' dir='ltr'>illum,</span> <span class='ocrx_word' id='word_1_163' title='bbox 711 2242 929 2302; x_wconf 82' lang='lat' dir='ltr'>Rationalistae</span> <span class='ocrx_word' id='word_1_164' title='bbox 961 2240 1032 2302; x_wconf 89' lang='lat' dir='ltr'>iere</span> <span class='ocrx_word' id='word_1_165' title='bbox 1066 2259 1186 2305; x_wconf 91' lang='lat' dir='ltr'>omnes</span> 
     </span>
     <span class='ocr_line' id='line_1_25' title="bbox 167 2321 1187 2397; baseline 0.003 -16"><span class='ocrx_word' id='word_1_166' title='bbox 167 2321 260 2383; x_wconf 93' lang='lat' dir='ltr'>illum</span> <span class='ocrx_word' id='word_1_167' title='bbox 274 2322 374 2383; x_wconf 89' lang='lat' dir='ltr'>finem</span> <span class='ocrx_word' id='word_1_168' title='bbox 389 2324 609 2397; x_wconf 88' lang='lat' dir='ltr'>reposuerunt</span> <span class='ocrx_word' id='word_1_169' title='bbox 622 2324 658 2381; x_wconf 83' lang='lat' dir='ltr'>in</span> <span class='ocrx_word' id='word_1_170' title='bbox 673 2325 788 2379; x_wconf 80' lang='lat' dir='ltr'>mutue</span> <span class='ocrx_word' id='word_1_171' title='bbox 812 2323 1029 2381; x_wconf 77' lang='lat' dir='ltr'>coarctatione</span> <span class='ocrx_word' id='word_1_172' title='bbox 1050 2328 1079 2383; x_wconf 88' lang='lat' dir='ltr'>et</span> <span class='ocrx_word' id='word_1_173' title='bbox 1101 2325 1187 2384; x_wconf 81' lang='lat' dir='ltr'>itur-</span> 
     </span>
     <span class='ocr_line' id='line_1_26' title="bbox 112 2401 1187 2477; baseline 0.004 -16"><span class='ocrx_word' id='word_1_174' title='bbox 112 2422 113 2427; x_wconf 46' lang='lat'><em>*</em></span> <span class='ocrx_word' id='word_1_175' title='bbox 169 2405 279 2463; x_wconf 76' lang='lat' dir='ltr'>oronte</span> <span class='ocrx_word' id='word_1_176' title='bbox 294 2402 462 2462; x_wconf 81' lang='lat' dir='ltr'>libertatis.</span> <span class='ocrx_word' id='word_1_177' title='bbox 480 2403 526 2461; x_wconf 80' lang='lat' dir='ltr'>Ex</span> <span class='ocrx_word' id='word_1_178' title='bbox 539 2401 680 2461; x_wconf 89' lang='lat' dir='ltr'>stabilita</span> <span class='ocrx_word' id='word_1_179' title='bbox 695 2401 735 2460; x_wconf 91' lang='lat' dir='ltr'>ab</span> <span class='ocrx_word' id='word_1_180' title='bbox 751 2403 822 2477; x_wconf 91' lang='lat' dir='ltr'>ipso</span> <span class='ocrx_word' id='word_1_181' title='bbox 846 2402 1034 2461; x_wconf 84' lang='lat' dir='ltr'>autonornia</span> <span class='ocrx_word' id='word_1_182' title='bbox 1049 2404 1187 2465; x_wconf 89' lang='lat' dir='ltr'>rationis</span> 
     </span>
     <span class='ocr_line' id='line_1_27' title="bbox 168 2480 1187 2561; baseline 0.003 -18"><span class='ocrx_word' id='word_1_183' title='bbox 168 2480 231 2561; x_wconf 76' lang='lat'>(82)</span> <span class='ocrx_word' id='word_1_184' title='bbox 246 2486 280 2543; x_wconf 89' lang='lat' dir='ltr'>et</span> <span class='ocrx_word' id='word_1_185' title='bbox 294 2482 470 2544; x_wconf 89' lang='lat' dir='ltr'>voluntatis</span> <span class='ocrx_word' id='word_1_186' title='bbox 485 2482 634 2541; x_wconf 76' lang='lat' dir='ltr'>humanae</span> <span class='ocrx_word' id='word_1_187' title='bbox 654 2486 810 2556; x_wconf 88' lang='lat' dir='ltr'>respectu</span> <span class='ocrx_word' id='word_1_188' title='bbox 835 2481 1008 2559; x_wconf 81' lang='lat' dir='ltr'>cujuslibet</span> <span class='ocrx_word' id='word_1_189' title='bbox 1031 2483 1187 2560; x_wconf 89' lang='lat' dir='ltr'>principii</span> 
     </span>
     <span class='ocr_line' id='line_1_28' title="bbox 168 2558 1187 2638; baseline 0.005 -18"><span class='ocrx_word' id='word_1_190' title='bbox 168 2564 307 2631; x_wconf 89' lang='lat' dir='ltr'>externi,</span> <span class='ocrx_word' id='word_1_191' title='bbox 338 2562 448 2627; x_wconf 89' lang='lat' dir='ltr'>statim</span> <span class='ocrx_word' id='word_1_192' title='bbox 477 2558 643 2621; x_wconf 90' lang='lat' dir='ltr'>concludit</span> <span class='ocrx_word' id='word_1_193' title='bbox 673 2561 875 2621; x_wconf 87' lang='lat' dir='ltr'>voluntatem</span> <span class='ocrx_word' id='word_1_194' title='bbox 904 2559 948 2620; x_wconf 87' lang='lat' dir='ltr'>ad</span> <span class='ocrx_word' id='word_1_195' title='bbox 975 2562 1187 2638; x_wconf 91' lang='lat' dir='ltr'>operandum</span> 
     </span>
     <span class='ocr_line' id='line_1_29' title="bbox 168 2640 1185 2718; baseline 0.006 -18"><span class='ocrx_word' id='word_1_196' title='bbox 168 2656 235 2701; x_wconf 92' lang='lat' dir='ltr'>non</span> <span class='ocrx_word' id='word_1_197' title='bbox 250 2641 371 2701; x_wconf 77' lang='lat' dir='ltr'>inflecti</span> <span class='ocrx_word' id='word_1_198' title='bbox 396 2640 458 2702; x_wconf 89' lang='lat' dir='ltr'>nisi</span> <span class='ocrx_word' id='word_1_199' title='bbox 473 2656 534 2718; x_wconf 88' lang='lat' dir='ltr'>per</span> <span class='ocrx_word' id='word_1_200' title='bbox 557 2641 730 2711; x_wconf 88' lang='lat' dir='ltr'>rationem,</span> <span class='ocrx_word' id='word_1_201' title='bbox 754 2640 887 2700; x_wconf 91' lang='lat' dir='ltr'>semotis</span> <span class='ocrx_word' id='word_1_202' title='bbox 909 2640 1185 2715; x_wconf 86' lang='lat' dir='ltr'>impressionibus</span> 
     </span>
     <span class='ocr_line' id='line_1_30' title="bbox 169 2718 1186 2799; baseline 0.005 -18"><span class='ocrx_word' id='word_1_203' title='bbox 169 2722 344 2798; x_wconf 88' lang='lat' dir='ltr'>empiricis.</span> <span class='ocrx_word' id='word_1_204' title='bbox 369 2720 608 2797; x_wconf 88' lang='lat' dir='ltr'>impressiones</span> <span class='ocrx_word' id='word_1_205' title='bbox 634 2718 810 2797; x_wconf 87' lang='lat' dir='ltr'>ejusmodi,</span> <span class='ocrx_word' id='word_1_206' title='bbox 833 2720 926 2799; x_wconf 76' lang='lat' dir='ltr'>juxta</span> <span class='ocrx_word' id='word_1_207' title='bbox 959 2722 1080 2796; x_wconf 87' lang='lat' dir='ltr'>ipsum,</span> <span class='ocrx_word' id='word_1_208' title='bbox 1104 2730 1186 2786; x_wconf 85' lang='lat' dir='ltr'>sunt</span> 
     </span>
     <span class='ocr_line' id='line_1_31' title="bbox 167 2799 1184 2878; baseline 0.003 -17"><span class='ocrx_word' id='word_1_209' title='bbox 167 2801 370 2861; x_wconf 86' lang='lat' dir='ltr'>velinternae</span> <span class='ocrx_word' id='word_1_210' title='bbox 386 2802 437 2861; x_wconf 93' lang='lat' dir='ltr'>vel</span> <span class='ocrx_word' id='word_1_211' title='bbox 453 2806 594 2860; x_wconf 60' lang='lat' dir='ltr'>(externa</span> <span class='ocrx_word' id='word_1_212' title='bbox 608 2817 614 2858; x_wconf 95' lang='lat'><strong>:</strong></span> <span class='ocrx_word' id='word_1_213' title='bbox 628 2801 768 2858; x_wconf 82' lang='lat' dir='ltr'>internae</span> <span class='ocrx_word' id='word_1_214' title='bbox 782 2799 1020 2875; x_wconf 89' lang='lat' dir='ltr'>proceduntab</span> <span class='ocrx_word' id='word_1_215' title='bbox 1032 2805 1184 2878; x_wconf 90' lang='lat' dir='ltr'>appetitu</span> 
     </span>
     <span class='ocr_line' id='line_1_32' title="bbox 131 2878 1184 2952; baseline 0.003 -11"><span class='ocrx_word' id='word_1_216' title='bbox 131 2886 134 2893; x_wconf 85' lang='lat'>&#39;</span> <span class='ocrx_word' id='word_1_217' title='bbox 167 2886 200 2941; x_wconf 88' lang='lat' dir='ltr'>et</span> <span class='ocrx_word' id='word_1_218' title='bbox 215 2881 387 2942; x_wconf 82' lang='lat' dir='ltr'>affectibus</span> <span class='ocrx_word' id='word_1_219' title='bbox 403 2880 512 2952; x_wconf 87' lang='lat' dir='ltr'>animi,</span> <span class='ocrx_word' id='word_1_220' title='bbox 531 2883 564 2939; x_wconf 90' lang='lat' dir='ltr'>et</span> <span class='ocrx_word' id='word_1_221' title='bbox 579 2882 782 2939; x_wconf 89' lang='lat' dir='ltr'>constituunt</span> <span class='ocrx_word' id='word_1_222' title='bbox 795 2879 956 2940; x_wconf 89' lang='lat' dir='ltr'>ambitum</span> <span class='ocrx_word' id='word_1_223' title='bbox 969 2878 1093 2941; x_wconf 88' lang='lat' dir='ltr'>ordinis</span> <span class='ocrx_word' id='word_1_224' title='bbox 1107 2899 1184 2944; x_wconf 92' lang='lat' dir='ltr'>mo-</span> 
     </span>
     <span class='ocr_line' id='line_1_33' title="bbox 164 2958 1183 3037; baseline 0.001 -16"><span class='ocrx_word' id='word_1_225' title='bbox 164 2961 255 3031; x_wconf 86' lang='lat' dir='ltr'>ralis;</span> <span class='ocrx_word' id='word_1_226' title='bbox 275 2964 433 3029; x_wconf 82' lang='lat' dir='ltr'>externae,</span> <span class='ocrx_word' id='word_1_227' title='bbox 449 2976 468 3019; x_wconf 92' lang='lat' dir='ltr'>a</span> <span class='ocrx_word' id='word_1_228' title='bbox 483 2958 627 3037; x_wconf 88' lang='lat' dir='ltr'>quadam</span> <span class='ocrx_word' id='word_1_229' title='bbox 642 2958 673 3020; x_wconf 88' lang='lat' dir='ltr'>vi</span> <span class='ocrx_word' id='word_1_230' title='bbox 687 2958 831 3018; x_wconf 88' lang='lat' dir='ltr'>humana</span> <span class='ocrx_word' id='word_1_231' title='bbox 849 2960 1013 3019; x_wconf 90' lang='lat' dir='ltr'>actionem</span> <span class='ocrx_word' id='word_1_232' title='bbox 1031 2964 1183 3022; x_wconf 88' lang='lat' dir='ltr'>nostram</span> 
     </span>
     <span class='ocr_line' id='line_1_34' title="bbox 164 3038 1181 3118; baseline 0.001 -15"><span class='ocrx_word' id='word_1_233' title='bbox 164 3040 381 3118; x_wconf 89' lang='lat' dir='ltr'>impediente,</span> <span class='ocrx_word' id='word_1_234' title='bbox 394 3042 552 3111; x_wconf 88' lang='lat' dir='ltr'>oriuntur,</span> <span class='ocrx_word' id='word_1_235' title='bbox 566 3045 602 3099; x_wconf 89' lang='lat' dir='ltr'>et·</span> <span class='ocrx_word' id='word_1_236' title='bbox 612 3041 813 3101; x_wconf 86' lang='lat' dir='ltr'>constituunt</span> <span class='ocrx_word' id='word_1_237' title='bbox 830 3038 979 3099; x_wconf 90' lang='lat' dir='ltr'>ordinem</span> <span class='ocrx_word' id='word_1_238' title='bbox 984 3038 1181 3116; x_wconf 89' lang='lat' dir='ltr'>juridicum.</span> 
     </span>
     <span class='ocr_line' id='line_1_35' title="bbox 164 3118 1184 3197; baseline 0.004 -17"><span class='ocrx_word' id='word_1_239' title='bbox 164 3122 354 3181; x_wconf 87' lang='lat' dir='ltr'>immunitas</span> <span class='ocrx_word' id='word_1_240' title='bbox 379 3136 398 3179; x_wconf 93' lang='lat' dir='ltr'>a</span> <span class='ocrx_word' id='word_1_241' title='bbox 421 3120 586 3197; x_wconf 89' lang='lat' dir='ltr'>prioribus</span> <span class='ocrx_word' id='word_1_242' title='bbox 609 3122 746 3179; x_wconf 89' lang='lat' dir='ltr'>vocatur</span> <span class='ocrx_word' id='word_1_243' title='bbox 760 3118 801 3178; x_wconf 91' lang='lat' dir='ltr'>ab</span> <span class='ocrx_word' id='word_1_244' title='bbox 817 3118 888 3194; x_wconf 90' lang='lat' dir='ltr'>ipso</span> <span class='ocrx_word' id='word_1_245' title='bbox 903 3120 1037 3180; x_wconf 90' lang='lat' dir='ltr'>libertas</span> <span class='ocrx_word' id='word_1_246' title='bbox 1050 3121 1184 3184; x_wconf 79' lang='lat' dir='ltr'>interna</span> 
     </span>
     <span class='ocr_line' id='line_1_36' title="bbox 164 3198 1182 3271; baseline 0.004 -12"><span class='ocrx_word' id='word_1_247' title='bbox 164 3204 222 3259; x_wconf 89' lang='lat' dir='ltr'>aui</span> <span class='ocrx_word' id='word_1_248' title='bbox 236 3202 389 3271; x_wconf 81' lang='lat' dir='ltr'>morutis;</span> <span class='ocrx_word' id='word_1_249' title='bbox 408 3198 596 3261; x_wconf 85' lang='lat' dir='ltr'>immunitas</span> <span class='ocrx_word' id='word_1_250' title='bbox 612 3199 652 3258; x_wconf 86' lang='lat' dir='ltr'>ab</span> <span class='ocrx_word' id='word_1_251' title='bbox 676 3198 737 3259; x_wconf 89' lang='lat' dir='ltr'>hac</span> <span class='ocrx_word' id='word_1_252' title='bbox 761 3200 931 3260; x_wconf 90' lang='lat' dir='ltr'>coactione</span> <span class='ocrx_word' id='word_1_253' title='bbox 955 3198 1099 3260; x_wconf 89' lang='lat' dir='ltr'>humana</span> <span class='ocrx_word' id='word_1_254' title='bbox 1120 3218 1182 3264; x_wconf 89' lang='lat' dir='ltr'>ac-</span> 
     </span>
     <span class='ocr_line' id='line_1_37' title="bbox 165 3276 1185 3357; baseline 0.006 -18"><span class='ocrx_word' id='word_1_255' title='bbox 165 3282 271 3341; x_wconf 91' lang='lat' dir='ltr'>tiones</span> <span class='ocrx_word' id='word_1_256' title='bbox 302 3283 431 3341; x_wconf 87' lang='lat' dir='ltr'>nostras</span> <span class='ocrx_word' id='word_1_257' title='bbox 456 3276 693 3357; x_wconf 73' lang='lat' dir='ltr'>praepediente,</span> <span class='ocrx_word' id='word_1_258' title='bbox 724 3281 775 3338; x_wconf 88' lang='lat' dir='ltr'>est</span> <span class='ocrx_word' id='word_1_259' title='bbox 800 3277 935 3339; x_wconf 89' lang='lat' dir='ltr'>libertas</span> <span class='ocrx_word' id='word_1_260' title='bbox 959 3282 1095 3339; x_wconf 74' lang='lat' dir='ltr'>exterra</span> <span class='ocrx_word' id='word_1_261' title='bbox 1116 3297 1185 3345; x_wconf 86' lang='lat' dir='ltr'>seu</span> 
     </span>
     <span class='ocr_line' id='line_1_38' title="bbox 160 3360 319 3435; baseline 0.013 -16"><span class='ocrx_word' id='word_1_262' title='bbox 160 3360 319 3435; x_wconf 82' lang='lat' dir='ltr'>juridica.</span> 
     </span>
    </p>

    <p class='ocr_par' dir='ltr' id='par_1_7' title="bbox 163 3436 1183 3757">
     <span class='ocr_line' id='line_1_39' title="bbox 200 3436 1183 3513; baseline 0.001 -13"><span class='ocrx_word' id='word_1_263' title='bbox 200 3440 274 3500; x_wconf 85' lang='lat' dir='ltr'>&#39;lam</span> <span class='ocrx_word' id='word_1_264' title='bbox 294 3456 372 3501; x_wconf 91' lang='lat' dir='ltr'>vero</span> <span class='ocrx_word' id='word_1_265' title='bbox 399 3438 471 3498; x_wconf 86' lang='lat' dir='ltr'>haec</span> <span class='ocrx_word' id='word_1_266' title='bbox 495 3438 607 3498; x_wconf 87' lang='lat' dir='ltr'>ultima</span> <span class='ocrx_word' id='word_1_267' title='bbox 629 3436 774 3507; x_wconf 72' lang='lat' dir='ltr'>libertas</span> <span class='ocrx_word' id='word_1_268' title='bbox 798 3436 860 3496; x_wconf 90' lang='lat' dir='ltr'>etsi</span> <span class='ocrx_word' id='word_1_269' title='bbox 880 3452 941 3513; x_wconf 90' lang='lat' dir='ltr'>per</span> <span class='ocrx_word' id='word_1_270' title='bbox 961 3453 998 3497; x_wconf 92' lang='lat' dir='ltr'>se</span> <span class='ocrx_word' id='word_1_271' title='bbox 1019 3436 1183 3505; x_wconf 88' lang='lat' dir='ltr'>limitibus</span> 
     </span>
     <span class='ocr_line' id='line_1_40' title="bbox 165 3515 1180 3599; baseline 0.005 -20"><span class='ocrx_word' id='word_1_272' title='bbox 165 3522 286 3589; x_wconf 87' lang='lat' dir='ltr'>carcat,</span> <span class='ocrx_word' id='word_1_273' title='bbox 304 3518 447 3596; x_wconf 88' lang='lat' dir='ltr'>practice</span> <span class='ocrx_word' id='word_1_274' title='bbox 470 3521 580 3578; x_wconf 92' lang='lat' dir='ltr'>tamen</span> <span class='ocrx_word' id='word_1_275' title='bbox 607 3516 710 3579; x_wconf 90' lang='lat' dir='ltr'>debet</span> <span class='ocrx_word' id='word_1_276' title='bbox 729 3515 872 3588; x_wconf 81' lang='lat' dir='ltr'>limitari3</span> <span class='ocrx_word' id='word_1_277' title='bbox 896 3529 972 3575; x_wconf 90' lang='lat' dir='ltr'>nam</span> <span class='ocrx_word' id='word_1_278' title='bbox 992 3516 1090 3579; x_wconf 89' lang='lat' dir='ltr'>simul</span> <span class='ocrx_word' id='word_1_279' title='bbox 1112 3527 1180 3599; x_wconf 86' lang='lat' dir='ltr'>est,</span> 
     </span>
     <span class='ocr_line' id='line_1_41' title="bbox 166 3594 1179 3676; baseline 0.005 -18"><span class='ocrx_word' id='word_1_280' title='bbox 166 3598 353 3676; x_wconf 88' lang='lat' dir='ltr'>etquidem</span> <span class='ocrx_word' id='word_1_281' title='bbox 380 3598 589 3669; x_wconf 88' lang='lat' dir='ltr'>sine-limite,</span> <span class='ocrx_word' id='word_1_282' title='bbox 617 3598 651 3658; x_wconf 92' lang='lat' dir='ltr'>in</span> <span class='ocrx_word' id='word_1_283' title='bbox 674 3594 824 3657; x_wconf 87' lang='lat' dir='ltr'>omnibus</span> <span class='ocrx_word' id='word_1_284' title='bbox 846 3596 1045 3669; x_wconf 88' lang='lat' dir='ltr'>bominibus,</span> <span class='ocrx_word' id='word_1_285' title='bbox 1071 3606 1103 3661; x_wconf 90' lang='lat' dir='ltr'>et</span> <span class='ocrx_word' id='word_1_286' title='bbox 1123 3602 1179 3664; x_wconf 89' lang='lat' dir='ltr'>ni·</span> 
     </span>
     <span class='ocr_line' id='line_1_42' title="bbox 163 3675 1181 3757; baseline -0.007 -19"><span class='ocrx_word' id='word_1_287' title='bbox 163 3678 341 3740; x_wconf 87' lang='lat' dir='ltr'>hilominns</span> <span class='ocrx_word' id='word_1_288' title='bbox 356 3676 488 3755; x_wconf 88' lang='lat' dir='ltr'>respicit</span> <span class='ocrx_word' id='word_1_289' title='bbox 501 3676 591 3757; x_wconf 86' lang='lat' dir='ltr'>idem</span> <span class='ocrx_word' id='word_1_290' title='bbox 605 3675 787 3756; x_wconf 85' lang='lat' dir='ltr'>objectum,</span> <span class='ocrx_word' id='word_1_291' title='bbox 802 3688 925 3753; x_wconf 90' lang='lat' dir='ltr'>nempe</span> <span class='ocrx_word' id='word_1_292' title='bbox 945 3676 1108 3749; x_wconf 88' lang='lat' dir='ltr'>mundum</span> <span class='ocrx_word' id='word_1_293' title='bbox 1130 3684 1181 3747; x_wconf 71' lang='lat' dir='ltr'>vi.</span> 
     </span>
    </p>
   </div>
   <div class='ocr_carea' id='block_1_5' title="bbox 0 0 1326 4250">
    <p class='ocr_par' dir='ltr' id='par_1_8' title="bbox 0 0 1326 4250">
     <span class='ocr_line' id='line_1_43' title="bbox 0 0 1326 4250; baseline 0 6"><span class='ocrx_word' id='word_1_294' title='bbox 0 0 1326 4250; x_wconf 95' lang='lat' dir='ltr'> </span> 
     </span>
    </p>
   </div>
  </div>
 </body>
</html>
