2642 4250
461 300 566 343 nrurcn
586 297 744 342 orucians
1055 279 1108 339 121

100 419 221 477 tionem
240 416 386 495 legalem
406 415 555 476 decernit
572 429 631 488 pro
655 412 844 491 juventule,
871 412 925 490 jus
939 414 1111 487 paternum
1178 406 1180 409 ’

99 497 255 561 violat-et
270 497 538 556 constitutionem
551 491 679 553 familiae
693 492 852 568 pervertit
868 512 875 552 :
896 494 924 552 l⁰
929 493 983 568 jus
998 494 1109 567 pater·

100 591 179 636 num
203 576 312 649 violat,
337 581 375 636 ut
397 591 457 652 per
481 591 517 634 se
541 577 644 648 patet,
661 588 737 632 nam
747 589 815 633 non
834 572 943 649 agitur
963 571 1004 632 de
1027 586 1106 631 casu

100 653 246 716 abnormi
270 672 335 732 quo
361 660 515 732 parentes
536 651 742 728 culpabiliter
756 651 966 731 negligerent
986 647 1107 711 educa-

101 737 219 795 tionem
243 735 356 811 proliS,
382 753 421 795 ac
445 732 584 810 proinde
609 737 714 792 status
737 732 894 808 supplere
918 733 1109 801 teneretur;
1167 769 1170 784 ,

100 817 130 874 2⁰
145 816 406 876 constitutionem
422 811 548 873 familiae
563 813 732 872 immutat:
748 812 841 872 liberi
857 810 955 883 enim,
974 815 1003 871 vi
1016 808 1108 870 fami-

100 894 159 963 lia,
199 894 346 955 societati
389 893 645 972 conjunguntur,
686 890 850 967 siquidem
888 891 1002 951 vivunt
1048 890 1110 950 sub

101 973 202 1050 patria
234 978 414 1049 potestate;
445 973 506 1034 sed
531 973 611 1033 dum
640 975 781 1031 societas
814 970 947 1031 eosdem
986 969 1110 1045 arripit,

103 1069 142 1112 ex
159 1049 243 1114 facto
264 1051 404 1114 affirmat
425 1054 496 1114 illos
520 1068 587 1113 non
611 1057 677 1112 tam
701 1051 744 1112 ad
768 1049 921 1112 familiam
944 1049 1111 1125 pertinere

103 1147 197 1209 quam
218 1131 259 1193 ad
275 1137 411 1196 statum:
432 1135 496 1194 imo
519 1132 712 1192 societatem
730 1130 920 1192 immediate
935 1143 1000 1189 non
1018 1145 1111 1190 cons-

103 1217 169 1272 tare
189 1210 330 1286 familiis
351 1213 412 1274 sed
430 1212 616 1273 hominibus
639 1211 679 1271 ab
700 1211 789 1270 omni
808 1211 870 1271 alio
885 1209 1016 1270 vinculo
1035 1210 1110 1270 sub·

97 1290 248 1369 jectionis
262 1294 386 1359 solutis,
403 1310 443 1353 ex
458 1291 542 1352 facto
560 1290 765 1351 decerneret.
786 1293 870 1369 Ergo
890 1289 925 1350 id
939 1286 1112 1349 manifeste

96 1373 170 1449 jura
183 1376 320 1448 paterna
334 1372 430 1440 ladit,
447 1374 639 1432 societatem
650 1371 866 1432 domesticam
878 1369 1026 1442 destruit,
1041 1385 1111 1446 que
1222 1418 1224 1421 .

58 1481 62 1498 ·
100 1452 143 1512 sic
157 1452 308 1529 legaliter
323 1469 390 1513 non
404 1454 570 1513 existeret.

137 1532 206 1593 219.
218 1566 256 1574 -
268 1532 446 1593 scholium.
460 1533 693 1591 Verumtamen
708 1528 850 1590 societas
865 1526 972 1588 modis
988 1526 1109 1587 decen-

102 1609 196 1683 tibus
213 1611 274 1673 sed
289 1627 357 1674 non
370 1613 534 1683 violentis,
552 1625 666 1671 curare
687 1608 787 1669 debet
804 1612 842 1668 ut
858 1611 1014 1684 parentes
1029 1605 1111 1667 illud

101 1706 262 1750 summum
288 1688 431 1752 officium
451 1689 613 1751 educandi
633 1689 761 1764 prolem
776 1689 910 1748 minime
924 1687 1107 1765 negligant.

102 1770 254 1830 Praeterea
271 1787 372 1848 quum
387 1779 558 1832 crescente
573 1769 730 1846 paulatim
743 1768 924 1828 liberorum
937 1770 1043 1835 atate,
1054 1782 1110 1841 pa·

101 1855 390 1924 reniumpoteslas
405 1852 582 1918 minuatur,
598 1852 631 1910 et
644 1849 805 1910 libertatis
820 1847 978 1907 naturalis
989 1847 1065 1926 Jura
1076 1847 1109 1904 in

102 1930 207 1990 liberis
217 1930 317 1991 veluti
335 1931 498 2006 explicare
514 1946 588 1990 sese
605 1932 706 2004 atque
722 1943 879 1988 exercere
892 1927 1060 2003 incipiant,
1073 1924 1110 1985 fit

102 2021 134 2068 ut
155 2008 279 2070 directe
301 2016 334 2071 et
347 2027 408 2086 per
422 2025 458 2070 se
473 2011 571 2070 homo
592 2005 781 2068 individuus
801 2005 949 2068 societati
968 2007 1106 2085 conjun-

102 2095 201 2167 gatur,
212 2090 287 2169 jura
305 2094 338 2151 el
353 2088 521 2169 privilegia
538 2089 616 2151 civis
632 2088 763 2163 propria
778 2087 939 2166 acquirat,
951 2101 989 2147 ac
999 2087 1106 2164 proin·

103 2170 141 2230 de
156 2172 312 2245 potestati
329 2170 411 2234 civili
425 2170 615 2231 immediate
630 2168 815 2246 subjaceat.

135 2249 205 2310 220.
221 2284 260 2293 -
275 2251 310 2310 ll.
327 2252 493 2312 Potcslutis
508 2257 650 2324 paterne
671 2247 850 2323 amplitudo
870 2260 911 2305 ex
927 2244 994 2306 fine
1010 2250 1043 2305 et
1066 2261 1106 2304 ex

101 2330 221 2407 origine
234 2331 402 2392 metienda
419 2335 478 2391 est.
495 2330 615 2391 Natura
632 2327 719 2387 enim
734 2328 817 2387 hanc
831 2326 1022 2386 societatem
1032 2340 1105 2399 pro·

100 2410 181 2469 xime
195 2410 373 2483 constituit,
386 2426 456 2486 quae
472 2408 609 2484 proinde
624 2423 688 2467 nec
703 2404 767 2467 fine
783 2420 845 2465 neo
858 2406 977 2466 mediis
992 2419 1106 2464 neces·

100 2489 188 2549 sariis
205 2488 246 2549 ad
260 2487 361 2549 finem
380 2488 597 2550 obtinendum
618 2502 730 2547 carere
751 2485 863 2547 debet.
879 2484 977 2547 Porro
996 2484 1099 2544 socie-

101 2572 145 2627 tas
160 2569 337 2643 paternalis
358 2572 496 2647 ejusque
515 2568 598 2637 finis,
617 2567 724 2644 quiin
744 2579 891 2643 congrua
907 2562 1104 2624 educatione

101 2648 196 2723 prolis
221 2650 376 2716 cernitur,
402 2664 443 2708 ex
471 2648 541 2719 insa
570 2647 787 2719 generatione
815 2643 1105 2704 fundamentaliter

101 2726 213 2795 oritur;
227 2730 338 2803 itaque
348 2732 514 2804 pancratio
529 2742 625 2788 causa
642 2730 766 2787 remota
778 2726 951 2799 potestatis
962 2726 1105 2800 paterna

101 2808 225 2867 censeri
239 2812 362 2881 potest:
382 2806 443 2869 sed
456 2806 529 2868 finis
543 2808 684 2885 hujusce
695 2804 862 2866 societatis
878 2809 911 2864 et
921 2803 977 2881 jus
989 2818 1106 2879 paren-

100 2889 165 2945 tum
186 2887 325 2964 regendi
344 2886 509 2962 familiam,
527 2902 719 2948 mensuram
737 2883 837 2963 hujus
855 2883 1026 2960 potestatis
1045 2881 1104 2942 de-

102 2969 281 3027 terminant.

133 3044 281 3108 Potestas
302 3045 354 3105 illa
373 3062 434 3123 per
450 3045 627 3122 quamdam
646 3042 831 3121 analogiam
852 3057 926 3101 cum
940 3043 1106 3117 potestate

98 3124 236 3281 publicaj
261 3126 389 3187 censeri
407 3131 518 3203 potest
540 3126 745 3201 inspectorlu,
765 3123 908 3183 rectorio
935 3125 969 3181 et
992 3136 1106 3180 catecu-

98 3207 180 3265 tort'u
208 3206 222 3263 l
244 3252 249 3264 .

133 3283 162 3342 l⁰
189 3286 346 3345 Parentes
370 3284 459 3362 vigili
488 3282 584 3345 oculo
615 3282 738 3343 debent
767 3281 891 3342 liberos
915 3279 1104 3347 observare,

98 3378 207 3424 eorum
222 3364 492 3436 consuetudines
506 3361 743 3424 familiaritates
759 3358 942 3437 explorare,
959 3358 1105 3435 pericula

98 3456 217 3511 arcere,
231 3449 293 3505 etc.

130 3523 163 3583 2⁰
176 3523 318 3584 Possunt
338 3525 483 3584 actiones
503 3522 604 3598 prolis
627 3518 860 3589 determinare,
884 3533 956 3578 eam
983 3517 1105 3577 docere

98 3598 217 3663 debent
231 3602 337 3664 officia
350 3602 492 3665 hominis
507 3618 587 3681 erga
602 3602 719 3675 Deum,
737 3614 817 3678 erga
832 3598 1049 3674 semetipsum
1071 3601 1105 3658 el

125 3717 159 3782 (l)
173 3718 307 3785 Zallinger,
321 3718 368 3768 Jus
381 3715 482 3781 sociale,
496 3718 514 3768 l.
529 3733 558 3782 n,
573 3732 598 3770 c.
610 3717 638 3770 4.
