2642 4250
413 333 416 340 .
437 296 541 340 urmes
562 292 719 340 eructans.
1034 271 1091 336 129

84 417 151 471 tum
164 409 319 472 socialem
335 409 497 472 adductus
512 407 580 482 fuit,
604 426 672 471 non
695 425 735 470 ex
757 407 888 487 injuriis
910 408 1099 468 molestiis·

81 507 146 569 que
181 490 319 552 aliorum
352 491 519 550 hominum
553 491 675 566 repetit
701 489 880 551 somniator
915 490 991 560 iste,
1027 486 1088 548 sed

82 569 213 632 easdem
245 572 280 632 in
307 575 471 648 perpetuo
501 569 652 631 conflictu
680 585 756 630 cum
779 570 896 630 belluis
920 568 1089 646 quaeritare

81 650 201 711 maluit.
235 651 327 710 lnitio
352 651 463 722 homo,
488 653 550 712 etsi
577 649 828 728 perfectioribus
856 665 956 727 quam
977 656 1092 709 catera

83 731 256 791 animantia
271 731 403 808 organis
418 731 605 802 instructus,
625 734 735 790 tamen
748 729 867 790 belluis
882 731 983 805 longe
998 726 1092 788 infir-

83 812 164 870 mior
178 816 210 870 et
228 810 422 870 imbecillior
443 811 581 885 exstitit;
608 809 669 871 sed
694 813 727 872 in
742 810 809 869 suis
831 807 970 870 assiduis
997 807 1093 868 bellis

85 906 158 951 cum
172 890 390 950 animantibus
410 889 605 952 industriam
616 893 752 950 istorum
768 888 889 961 didicit,
908 904 974 949 non
996 903 1093 949 secus

85 987 123 1031 ao
137 985 223 1030 nunc
238 969 381 1046 populus
400 970 516 1048 aliquis
542 977 654 1031 contra
669 971 768 1030 alium
782 984 936 1048 pugnans
954 968 1093 1048 hujusce

86 1053 187 1112 artem
201 1049 412 1128 strategicam
428 1049 657 1128 deprehendit.

127 1130 235 1208 ltaque
251 1133 319 1189 suis
333 1128 544 1190 relationibus
560 1145 635 1190 cum
650 1128 762 1189 bestiis
778 1127 942 1204 expolitus
957 1143 996 1188 ac
1017 1144 1093 1205 per-

17 1235 18 1292 3
88 1213 199 1276 iectus,
214 1209 313 1270 bomo
335 1209 378 1269 ad
392 1213 513 1270 statum
528 1211 680 1286 perlectae
694 1209 916 1269 sensibilitatis
931 1209 1093 1284 pervenit

17 1309 19 1328 =
88 1288 316 1366 deindepost
342 1290 444 1348 multa
472 1290 600 1362 secula,
625 1289 759 1349 rationis
786 1304 920 1365 compos
944 1287 1093 1361 effectus,

88 1384 145 1428 sua
159 1369 309 1429 libertate
326 1371 368 1430 uti
384 1367 505 1438 didicit,
524 1386 622 1447 quam
638 1368 846 1444 ceteroquin,
863 1370 925 1428 etsi
940 1369 1092 1439 inertem,

88 1453 180 1508 antea
200 1446 417 1525 possidebat:
440 1465 481 1510 ex
501 1451 594 1510 istius
615 1449 775 1509 libertatis
796 1464 859 1508 usu
874 1450 1009 1509 emersit
1024 1464 1094 1508 con-

90 1533 209 1588 tractus
228 1527 369 1588 sociatas.
1181 1592 1182 1597 γ

125 1607 256 1667 Falsitas
290 1607 388 1686 hujus
412 1610 610 1686 systematis
645 1607 736 1684 quod
766 1611 817 1668 est
844 1613 957 1684 partus
980 1606 1094 1684 imagi·

88 1687 221 1748 nationis
265 1686 458 1764 egritudine
495 1689 682 1759 laborantis
700 1702 703 1709 ·
720 1692 786 1748 tam
815 1687 951 1748 evidens
981 1691 1031 1747 est
1058 1689 1095 1747 ut

89 1782 142 1842 pro
163 1765 297 1827 homine
313 1782 412 1844 quam
426 1768 559 1830 minime
580 1766 710 1830 cordato
733 1768 822 1828 nulla
847 1766 995 1844 indigeat
1019 1782 1095 1828 con·

89 1845 258 1918 lutatione3
276 1845 395 1908 suflicit
410 1861 488 1924 ergo
510 1851 545 1908 ut
564 1845 864 1908 animadvertamus
888 1846 968 1907 illud
992 1845 1093 1906 mani-

90 1925 167 1989 festo
189 1941 342 2004 pugnare
358 1943 432 1987 cum
446 1925 591 1998 historia,
608 1931 823 2004 preterquam
838 1926 929 2004 quod
943 1930 1095 1986 naturam
1110 1989 1112 1993 ,

90 2006 274 2068 rationalem
290 2007 428 2067 hominis
451 2006 595 2069 destruat
618 2025 625 2066 :
650 2023 693 2067 ex
714 2006 806 2069 dictis
826 2008 860 2067 in
881 2007 1096 2086 psychologia

94 2085 220 2147 abunde
237 2084 432 2147 confutatur.

124 2167 193 2228 236.
218 2198 256 2207 -
272 2167 308 2227 11.
331 2169 573 2229 Vercseotentia
595 2173 628 2228 et
647 2168 765 2229 rationi
788 2182 931 2229 consona
952 2168 1092 2229 societa-

91 2250 150 2306 tem
173 2246 298 2307 civilem
322 2247 441 2323 repetit
456 2262 496 2306 ex
518 2247 639 2323 duplici
662 2250 826 2308 elemento
842 2247 989 2321 naturali,
1006 2261 1096 2307 nem·

91 2342 126 2403 pe
149 2328 178 2386 1⁰
200 2342 242 2385 ex
263 2330 376 2387 natura
396 2326 506 2387 sociali
526 2328 680 2402 hominis,
710 2328 767 2405 qui
796 2327 1004 2399 intrinsecus,
1035 2342 1096 2387 seu

92 2421 128 2465 ex
141 2402 281 2482 propriis
304 2406 532 2477 constitutivis
549 2406 590 2467 ad
612 2407 695 2467 hanc
708 2407 898 2469 societatem
914 2406 1093 2480 ordinatur,

91 2489 120 2545 et
140 2483 173 2543 id
190 2485 260 2562 jam
283 2484 393 2547 docuit
413 2487 602 2547 Aristoteles
626 2506 633 2547 :
656 2490 689 2547 2⁰
705 2503 746 2548 ex
766 2484 860 2547 fanis
883 2488 976 2547 etiam
998 2490 1094 2547 natu·

91 2564 206 2625 ralibus
228 2578 303 2641 quae
325 2567 535 2627 socialitatem
556 2567 697 2627 hominis
719 2566 759 2627 ad
787 2573 894 2627 aetum
917 2564 1092 2627 reducunt.

92 2645 198 2723 ltaque
220 2646 359 2706 societas
380 2660 447 2705 non
470 2650 519 2705 est
535 2650 658 2707 tantum
675 2662 758 2723 opus
773 2647 934 2707 artificiale
959 2653 991 2707 et
1012 2645 1093 2707 libe·

91 2740 169 2795 rum,
191 2722 253 2783 sed
274 2739 391 2800 opusa
410 2728 526 2786 natura
545 2728 616 2803 ipsa
627 2728 790 2787 intentum
811 2732 845 2786 et
859 2727 997 2803 positive
1013 2742 1095 2804 prae-

91 2806 310 2864 monstratum.
334 2805 419 2865 Hanc
442 2808 637 2866 sententiam
659 2807 833 2867 enucleare
855 2806 961 2884 quoad
975 2812 1095 2868 utram-

91 2898 163 2962 que,
188 2899 253 2961 que
275 2887 412 2959 constat,
435 2891 559 2962 partem
583 2886 727 2963 expedit.

125 3004 196 3065 237.
220 3038 259 3047 -
279 3006 386 3067 Tussis
408 3007 431 3066 1.
453 3009 554 3070 Homo
568 3013 688 3068 natura
702 3025 763 3069 sao
783 3010 914 3069 sociatis
928 3013 983 3069 est.

125 3116 291 3205 Probatur
307 3120 335 3178 1ο
349 3119 513 3194 Eesacto.
537 3120 746 3182 Monumenta
767 3120 945 3197 priscorum
969 3126 1096 3198 tempo·

91 3211 158 3254 mm
179 3196 261 3257 nrhil
282 3196 371 3259 aliud
402 3198 559 3261 exhibent
592 3202 656 3263 nisi
683 3202 848 3263 hominem
877 3205 910 3262 in
940 3202 1098 3263 societate

22 3276 23 3349 Τ
93 3279 158 3335 tum
180 3274 372 3351 domestica,
396 3282 466 3340 tum
488 3280 572 3342 civili
592 3280 766 3342 viventem.
789 3283 873 3361 Ergo
896 3298 995 3360 quum
1018 3280 1099 3343 illud

22 3392 23 3395 =
92 3356 208 3415 iactum
231 3361 382 3419 constans
404 3362 437 3419 et
458 3360 618 3421 uniforme
648 3362 724 3423 oriri
753 3377 820 3422 non
851 3364 953 3437 possit
974 3362 1036 3421 nisi
1059 3377 1101 3423 ex

22 3480 24 3513 p
92 3437 313 3511 propensione
334 3443 466 3513 nature,
488 3440 593 3517 liquet
613 3440 778 3503 hominem
806 3446 921 3502 natura
947 3457 1020 3502 esse
1048 3458 1099 3503 so·

22 3514 24 3561 ῖ
92 3514 215 3576 cialem.

23 3640 25 3667 ζ
128 3596 161 3655 2ο
181 3597 234 3655 Eo:
252 3594 410 3669 facultate
429 3597 591 3674 loquendi.
614 3599 781 3678 Proprium
794 3603 854 3660 est
880 3600 1021 3663 hominis
1049 3602 1099 3663 lo·

93 3674 189 3751 quela
209 3676 272 3751 utl;
297 3674 358 3737 sed
382 3677 535 3825 logfflap
536 3683 594 3823 11alst
604 3681 783 3825 Tvipssculugn
807 3678 984 3745 societatis.
1015 3682 1100 3763 Ergo
