2642 4250
473 339 575 384 etnim
599 339 770 383 cananum.
1090 307 1130 383 at

111 457 199 517 eirca
216 447 340 527 cibum;
361 456 527 524 sobrietas,
544 453 571 514 si
587 452 742 514 eumdem
761 455 897 531 gustum
915 451 1129 515 moderamur

112 537 199 596 circa
213 539 344 612 potum;
360 540 499 602 castitas,
525 550 594 612 qua
617 531 854 594 delectationes
875 537 979 592 tactus
997 534 1129 595 cohibet

109 618 197 675 circa
211 614 427 690 principalem
441 621 551 674 aetum
562 613 796 692 generationis,
811 617 844 672 et
851 614 1026 686 pudicitie,
1043 619 1129 674 circa

109 699 204 754 actus
227 696 443 770 praeambulos
458 698 515 754 aut
529 694 794 761 circumstantes·
808 696 845 751 ut
863 699 1016 768 aspectus
1031 694 1126 753 lasci-

108 789 178 844 vos,
197 775 382 849 amplexus,
398 779 515 841 tactus,
531 778 597 833 eto.
615 773 694 833 ilinc
715 771 790 833 duae
810 777 920 848 partes
939 772 1130 850 subjective

108 853 329 914 attenduntur
344 856 429 914 circa
444 853 607 914 diversam
627 855 788 913 rationem
807 852 867 912 sub
888 860 951 928 qua
973 853 1128 914 conside-

108 936 173 996 rari
195 937 306 1008 potest
325 934 504 1012 objectum,
527 949 588 992 seu
608 933 695 992 circa
714 932 936 992 diversitatem
955 928 1143 994 formalem.

109 1013 264 1073 materiae.
578 1039 580 1045 ·
1119 1061 1125 1074 ,
1186 1070 1190 1076 .

149 1089 182 1153 3⁰
202 1093 315 1152 Partes
336 1091 525 1166 potentiales
545 1090 765 1167 temperantia
787 1096 863 1150 sunt
882 1090 1018 1150 virtutes
1041 1108 1125 1168 quae,

109 1188 177 1232 non
200 1187 299 1231 secus
321 1188 359 1231 ac
386 1173 613 1247 temperantia,
639 1175 770 1230 nostros
792 1169 962 1230 refrenant
986 1171 1126 1237 affectus

109 1251 141 1310 in
168 1251 294 1328 aliquid
313 1252 499 1313 inordinate
526 1250 701 1310 tendentes
723 1250 764 1310 ab
794 1249 931 1328 objectis
954 1256 1072 1326 gustus
1092 1256 1126 1311 et

109 1335 217 1392 tactus
240 1331 416 1392 diversum.
438 1333 484 1391 Ex
502 1331 572 1391 istis
592 1331 738 1404 partibus
758 1330 825 1389 alie
843 1335 998 1390 coercent
1015 1335 1127 1392 motus

108 1411 271 1475 internos,
292 1419 329 1470 ut
341 1413 553 1480 continentia,
577 1410 758 1482 brimititos,
780 1411 1005 1477 mansuetudo,
1026 1416 1126 1486 prout

107 1492 217 1568 agitur
242 1491 285 1550 de
305 1488 512 1550 refrenandis
533 1491 676 1550 niotibus
698 1491 845 1556 internis,
868 1496 923 1549 aut
936 1490 1137 1561 voluntatis„

107 1571 254 1646 quadam
266 1571 351 1646 turpi
364 1571 517 1645 passione
537 1571 675 1644 agitatae,
693 1573 747 1628 aut
761 1571 814 1628 irae
829 1570 862 1629 in
877 1568 1066 1629 vindictam.
1088 1603 1126 1614 «-

104 1651 183 1712 Alia
202 1648 373 1710 refrenant
393 1655 499 1710 motus
519 1657 685 1715 externos,
707 1653 743 1707 ut
761 1649 929 1718 modestia,
951 1665 1021 1725 quae
1040 1648 1123 1710 circa

105 1735 225 1808 gestus
261 1725 406 1805 corporis
434 1727 591 1789 decenter
615 1727 861 1805 componendos
878 1735 1067 1805 occupatur,
1094 1735 1127 1789 et

105 1810 303 1883 eutropette
321 1825 390 1886 quae
405 1808 491 1869 ludis
516 1812 550 1866 et
567 1807 652 1884 jocis
669 1807 800 1868 modum
824 1809 971 1882 imponit,
992 1811 1125 1885 nequis

104 1891 195 1949 inter
207 1887 389 1949 ludendum
406 1892 438 1947 et
455 1886 635 1966 jocandum
653 1885 805 1948 excedat.
825 1885 945 1947 Omnes
962 1903 1041 1965 ergo
1057 1889 1125 1948 istae

106 1970 246 2029 virtutes
273 1969 437 2028 rationem
466 1968 686 2043 temperantiae
713 1965 903 2037 includunt;
938 1967 999 2027 sed
1034 1974 1125 2028 extra

106 2047 290 2110 dominium
304 2048 563 2124 propriissimum
582 2045 722 2125 hujusce
744 2046 870 2107 vtrtutis
885 2061 922 2106 se
937 2047 1123 2125 porrigunt,

103 2128 252 2205 ideoque
282 2128 400 2189 merito
427 2128 636 2204 appellantur
659 2128 995 2203 partes-potentiales,
1014 2143 1126 2203 'quum

105 2209 335 2365 exteggssonem
352 2207 529 2285 quamdam
540 2206 647 2268 virtuti
662 2207 756 2286 eujus
767 2209 966 2283 suntpartes
980 2208 1125 2269 tribuant

65 2364 67 2369 ’
105 2290 115 2366 (
146 2367 243 2428 66.-
258 2367 308 2426 lV.
324 2366 371 2426 Dr
392 2384 601 2427 coarmantur.
621 2363 831 2424 Fortitudinis
850 2379 974 2425 nomen
988 2364 1124 2443 duplici-

104 2452 155 2506 ter
170 2448 276 2521 accipi
291 2447 522 2521 solet‚·nempe
541 2448 570 2505 l⁰
584 2461 643 2521 pro
655 2442 807 2504 firmitate
823 2444 953 2503 inbono
969 2444 1123 2518 honest0,

105 2533 137 2585 et
166 2524 231 2585 hoc
256 2525 354 2586 modo
380 2526 532 2586 omnibus
556 2524 730 2583 virtutibus
756 2526 907 2601 congruit
926 2522 1082 2588 fortitudo
1114 2545 1121 2585 :

102 2604 260 2668 tortitudo
287 2605 334 2665 sic
357 2609 489 2680 sumpta
515 2608 566 2663 est
590 2603 756 2682 generalis
781 2603 894 2671 virtus,
912 2620 989 2673 ‚seu
1015 2607 1125 2681 potius

104 2684 250 2745 conditio
277 2686 425 2745 omnium
449 2684 623 2755 virtutum;
649 2685 682 2743 2⁰
703 2698 762 2759 pro
788 2680 941 2743 firmitate
970 2684 1068 2745 animi
1090 2686 1124 2745 in

103 2764 197 2825 malis
213 2761 325 2827 arduis
339 2764 531 2825 sustinendis
550 2768 582 2823 et
602 2763 701 2837 justis
722 2762 877 2838 periculis
897 2766 1126 2838 aggrediendis
1181 2823 1183 2827 a

103 2849 140 2903 ut
162 2861 181 2905 a
210 2846 380 2919 praecepto
402 2842 537 2903 rationis
559 2858 627 2903 non
646 2840 797 2912 recedat;
825 2846 858 2901 et
880 2842 914 2902 in
936 2842 1000 2903 hoo
1023 2859 1126 2905 sensu

104 2930 154 2985 cst
173 2922 277 2983 virtus
298 2921 460 2997 specialis,
485 2922 537 2983 oui
553 2920 617 2981 duo
634 2926 728 2981 actus
748 2920 969 3000 assignantur,
988 2925 1135 2999 oppredi·

104 3008 138 3065 et
155 3006 324 3063 sustinere.
591 3042 594 3047 -

141 3080 276 3143 Definiri
291 3084 424 3157 potest:
447 3081 549 3141 Virtus
571 3079 706 3139 rnorotis
733 3096 789 3141 seo
809 3080 939 3140 babitus
960 3080 1122 3153 electioris,

96 3162 247 3237 prebens
270 3161 375 3219 animi
389 3160 579 3235 firmitatem
594 3164 623 3219 et
641 3160 793 3219 robaria
808 3160 1015 3234 perferendis
1030 3159 1122 3221 tobo-

100 3241 193 3301 ribrts
204 3245 232 3299 et
242 3241 339 3315 justis
357 3239 513 3313 periculis
528 3239 756 3314 aggrediendis
766 3239 1122 3314 propterbonestotem.

99 3320 225 3381 Dicitur
248 3320 380 3379 babitus
407 3318 567 3391 electioris,
592 3322 630 3379 ut
657 3317 878 3395 distinguatur
904 3334 923 3377 a
948 3318 1123 3381 virtutibus

98 3397 377 3461 intellectualibus
394 3398 532 3459 :electio
546 3400 788 3473 enimpertinet
798 3397 842 3457 ad
852 3396 1123 3473 voluntatem:-

99 3481 250 3540 Praebeus
275 3478 464 3553 firmitatem
489 3478 594 3537 animi
614 3498 625 3537 .·
643 3476 733 3538 unde
756 3475 830 3553 ejus
849 3492 970 3538 munus
991 3494 1061 3539 non
1081 3495 1133 3560 ex,

99 3559 170 3619 solo
187 3564 264 3619 actu
280 3562 429 3624 externo,
445 3573 506 3617 seu
522 3573 564 3617 ex
575 3558 648 3633 ipsa
665 3557 883 3633 periculorum
903 3559 1122 3635 aggressione

100 3642 136 3701 et
147 3638 528 3713 laborumperpessione
549 3638 718 3713 repetitur,
743 3636 804 3696 sed
819 3652 860 3697 ex
881 3635 1025 3713 ipsomet
1045 3645 1123 3700 actu

99 3720 243 3857 {nieme
269 3716 403 3789 scilicet,
425 3717 510 3777 velle
530 3714 807 3796 aggrediendae,
831 3716 960 3790 etheo,
982 3724 1122 3793 propter

123 3802 310 3859 onestotem.
