2642 4250
421 285 525 330 urruoi
547 285 720 330 causatus
1040 269 1078 330 71

68 407 127 461 tem
143 415 220 461 sese
239 399 456 474 determinare
472 406 596 476 posset,
613 401 779 460 diceretur
795 403 915 474 dubim·
926 400 953 460 si
964 401 1081 477 aliquis

69 485 150 542 inter
172 479 238 541 duo
260 485 405 540 extrema
426 482 618 540 constitutus
644 481 783 542 deberet
802 498 902 541 unum
923 489 980 542 aut
1002 483 1081 542 alte·

69 577 136 620 mm
160 561 298 638 eligere,
330 565 363 621 et
391 567 499 621 tamen
528 560 680 621 crederet
704 578 840 636 peceare
865 577 1080 638 quecumque

70 656 180 700 eorum
202 640 368 718 eligendo,
390 640 555 702 laboraret
575 641 775 713 conscientia
791 641 969 716 perplexe·
984 641 1078 701 deni·

70 737 131 797 quo
156 721 185 780 si
212 723 414 781 couscientia
433 737 475 780 ex
495 721 612 782 motivo
632 723 736 799 gravi,
758 721 904 797 quamvis
931 722 1081 780 absolute

70 799 201 867 iallibili,
221 800 346 877 judicat
364 801 398 860 in
416 817 453 859 re
473 802 588 862 morali
607 801 670 861 hoc
691 807 748 860 aut
766 801 846 861 illud
862 816 936 862 esse
959 800 1081 860 iacien·
1101 828 1104 841 ν

71 881 230 1035 ‹lum6a)ut
259 879 486 950 omittendum,
517 883 579 940 erit
611 882 777 955 optoottoe
810 897 871 940 seu
903 881 1082 957 probabilis

108 1042 138 1099 3Ο
158 1039 365 1100 Conscientia
383 1041 574 1114 scrupuloso
590 1044 725 1116 estque
740 1038 878 1100 animam
901 1043 1031 1114 torquet
1051 1045 1083 1099 et

72 1120 176 1181 turbat
197 1137 258 1196 per
277 1117 453 1196 quamdam
474 1115 706 1179 dubitationem
730 1127 762 1179 et
782 1118 1034 1194 trepidationem
1049 1119 1082 1178 in
1145 1194 1148 1205 ‚

73 1199 200 1276 agendo
218 1207 348 1274 propter
362 1200 452 1259 leves
469 1205 501 1264 et
514 1202 655 1260 incertas
672 1200 890 1277 conjecturas.
904 1199 939 1258 'Si
953 1215 994 1258 ex
1005 1200 1083 1258 levi-

73 1281 131 1340 bus
145 1281 326 1340 rationibus
342 1287 374 1340 ct
389 1286 523 1355 propter
538 1295 668 1353 pravam
686 1279 940 1347 inclinationem,
953 1278 1081 1356 judica-

73 1367 118 1434 ret
131 1358 211 1420 illud
227 1376 301 1420 esse
319 1361 440 1420 licitum
455 1357 545 1435 quod
561 1360 682 1418 malum
696 1356 848 1419 facillime
861 1363 1008 1434 apparet,
1025 1362 1084 1418 aut

75 1445 197 1515 putaret
217 1457 291 1500 esse
311 1441 425 1520 leviter
445 1439 651 1499 inhonestum
674 1437 764 1514 quod
781 1439 897 1499 haberi
914 1438 1000 1499 solet
1023 1453 1083 1515 pro

74 1521 211 1598 graviter
227 1521 324 1596 turpi,
343 1524 431 1579 esset
445 1518 524 1580 tote.

76 1645 138 1705 134.
155 1677 191 1685 —
207 1644 378 1728 Tussislll.
397 1641 478 1703 Sole
492 1643 687 1702 couscientia
698 1645 787 1702 recto
802 1647 831 1700 et
850 1646 939 1702 certe
959 1647 1003 1702 cst
1019 1657 1083 1717 per

112 1742 143 1784 se
156 1725 274 1798 reputo
289 1737 428 1782 ntorum.

111 1837 282 1898 Probatur.
299 1837 402 1896 Prima
417 1851 504 1912 pare,
518 1835 585 1912 ¹iam
602 1839 730 1894 constat
745 1851 786 1894 ex
801 1835 894 1894 dictis
914 1834 976 1913 (88,
1001 1831 1080 1912 133).

76 1917 275 1978 Conscientia
291 1917 375 1975 enim
391 1918 424 1974 in
440 1921 562 1976 tantum
580 1915 762 1992 est'regula
776 1931 916 1984 morum,
932 1913 965 1974 in
977 1931 1082 1990 quan-

77 2005 137 2056 tum
164 2002 213 2058 est
237 1997 404 2071 expressio
430 1997 551 2072 regulae
576 1995 753 2071 objective,
784 2010 845 2054 seu
874 1995 958 2071 legis
986 1996 1019 2053 in
1045 2010 1083 2054 se

77 2081 220 2155 spectate
247 2095 254 2136 ε
282 2078 400 2136 etenim
425 2076 478 2135 lex
506 2082 555 2136 est
577 2076 647 2152 ipsa
677 2075 794 2153 regula
822 2074 955 2150 proprie
985 2072 1082 2146 dicta,

77 2174 190 2235 nempe
215 2158 367 2233 primaria
384 2160 416 2215 et
431 2158 590 2217 absoluta.
607 2158 706 2232 Atqui
721 2156 930 2224 conscientia,
949 2172 1019 2230 que
1035 2160 1085 2215 est

76 2238 276 2305 vivensleels
293 2238 508 2314 promulgatio
525 2238 556 2295 in
572 2236 722 2309 subjecto
739 2236 935 2309 particulari,
953 2242 986 2293 et
997 2234 1084 2307 eius-

78 2318 149 2377 dem
162 2319 240 2392 legis
256 2318 428 2393 applicatio
448 2315 491 2375 ad
511 2316 655 2376 artiones
676 2316 901 2390 particulares,
923 2314 1083 2373 rationem

77 2398 189 2475 regulae
205 2413 272 2457 non
287 2397 418 2457 sortitur
432 2396 493 2456 nisi
508 2412 526 2454 a
540 2396 612 2470 lege
628 2411 693 2470 qua
708 2394 909 2454 informatur.
938 2395 1035 2470 Ergo,
1057 2392 1085 2452 si

77 2491 139 2536 non
153 2482 241 2537 esset
254 2484 341 2535 recta
357 2492 418 2537 seu
431 2476 541 2555 legem
555 2476 657 2551 ipsam
673 2490 742 2534 non
757 2472 905 2546 referret,
921 2475 1082 2533 rationem

79 2558 193 2635 regulae
210 2557 359 2617 absolute
374 2554 543 2631 loquendo
560 2558 731 2613 amitteret.

113 2638 273 2697 Probatur
286 2637 425 2695 recaredo
434 2652 524 2710 pora.
541 2634 699 2695 Voluntas
715 2632 895 2694 secundum
912 2632 1018 2707 ipsam
1038 2631 1085 2690 le-

79 2732 146 2794 gem
161 2719 291 2792 operari
307 2716 416 2781 debet,
434 2732 504 2791 quae
521 2719 571 2773 est
586 2716 706 2790 regula
720 2713 873 2788 primaria
887 2712 1082 2782 honestatis3

80 2799 159 2874 atqui
173 2797 243 2857 sola
258 2793 456 2856 conscientia
472 2802 561 2854 certa
574 2795 731 2856 voluntati
748 2792 900 2869 proponit.
914 2791 1021 2868 ipsam
1034 2791 1083 2852 le-

79 2893 148 2949 gem
171 2897 178 2935 ε
203 2877 273 2936 sola
296 2876 383 2935 enirn
404 2875 476 2933 sine
498 2872 673 2934 formidine
697 2876 815 2933 erroris
830 2876 863 2932 et
880 2869 1086 2945 deceptionis

79 2957 202 3017 exhibet
227 2962 388 3031 precepta
412 2954 508 3031 legis,
537 2970 598 3014 seu
625 2956 707 3013 viam
736 2952 918 3013 honestatis
948 2950 1084 3009 indubie

82 3037 228 3112 proponit
241 3036 411 3097 uoluntati.
428 3036 526 3111 Ergo.
981 3075 985 3083 .

110 3116 208 3176 Aliter
222 3117 248 3175 si
262 3114 461 3175 conscientia
473 3128 538 3173 non
555 3117 643 3173 esset
659 3116 758 3180 certa,
775 3111 883 3185 legem
900 3111 1002 3183 ipsam
1018 3121 1086 3167 non

77 3198 130 3255 nisi
147 3200 184 3256 ut
202 3198 358 3256 incertam
379 3192 579 3263 ostenderet,
598 3210 635 3253 ac
650 3190 789 3268 proinde
805 3190 1002 3265 ipsissimam
1024 3204 1082 3247 vo-

75 3276 182 3335 luntati
203 3291 390 3351 proponere
411 3288 479 3333 non
493 3274 628 3341 valeret,
652 3287 724 3347 que
740 3275 817 3329 tunc
832 3269 949 3345 injuria
965 3281 1084 3343 opera-

75 3362 166 3427 retur,
196 3356 298 3416 veluti
322 3372 380 3430 pro
407 3352 507 3413 nihilo
531 3353 643 3429 legem
670 3349 808 3420 ducens,
834 3348 1025 3408 vel'saltem
1050 3349 1088 3405 ut

75 3436 176 3511 aliquo
192 3435 291 3495 modo
307 3436 580 3510 solutarespectu
595 3433 689 3509 legis.
706 3432 790 3507 Ergo
805 3429 874 3490 sola
887 3424 1088 3487 conscientia

75 3519 157 3577 certa
177 3531 238 3590 per
252 3532 289 3575 se
306 3517 373 3575 tuto
388 3513 475 3592 regit
489 3514 635 3572 actiones
660 3515 800 3582 nostras,
823 3523 884 3567 seu
905 3510 956 3567 est
969 3504 1087 3584 regula

74 3611 233 3737 111?ssless-
249 3673 483 3735 corollarium.
498 3676 527 3733 1⁰
538 3670 745 3734 Conscientia
755 3666 987 3729 invincibiliter
998 3680 1089 3726 erro-
