2642 4250
445 317 548 361 arrum
570 318 745 363 educatura.
1073 307 1110 366 17

131 432 291 492 Probatur
318 435 346 493 1ἴι
371 448 453 508 pots
469 448 539 508 quae
568 435 769 512 experientia
795 434 940 497 evidenti
966 443 1110 511 constat;

93 526 123 570 v.
146 529 194 588 g„
216 512 368 573 voluntas
389 513 505 588 nequit
523 516 694 575 stomacho
716 516 878 593 imperare
898 522 933 576 ut
954 517 1025 580 cibo
1040 521 1112 598 jani

87 595 224 667 recepto
248 608 313 652 non
337 591 509 665 nutriatur,
534 609 644 672 neque
669 595 802 657 auribus
828 599 953 656 utnon
975 598 1111 660 audiant

89 686 190 730 senos
206 672 324 747 quibus
339 669 532 732 afficiuntur.

129 751 294 810 Probatur
318 753 350 812 2³
365 768 458 827 pore.
488 752 600 812 Potest
618 752 769 816 voluntas
794 755 961 815 materiam
984 759 1109 818 subtra-

89 828 168 890 here
184 828 394 892 facultatibus
409 830 614 908 vegetatum,
640 839 673 893 et
686 840 794 908 potest
810 836 908 894 etiam
924 852 980 895 eas
990 837 1108 915 juvare

90 917 146 969 aut
178 925 294 971 earum
331 913 520 971 exercitium
558 912 739 988 praepedire
778 929 839 990 per
871 916 1013 991 quietem
1052 923 1108 978 aut

90 989 225 1050 nimiam
236 992 381 1066 corporis
391 992 675 1063 exercitationem;
689 992 778 1052 idem
791 991 967 1055 dicendum
979 994 1019 1056 de
1029 1013 1105 1057 sen-

90 1069 180 1130 sibus
198 1070 354 1140 externis,
377 1074 452 1147 quia
469 1071 621 1132 voluntas
641 1078 763 1148 potest,
784 1089 814 1132 v.
831 1091 878 1152 g.‚
895 1076 1057 1150 imperare
1071 1081 1108 1137 ut

89 1150 242 1210 manibus
264 1166 361 1210 aures
376 1151 578 1219 obturemus,
598 1157 660 1211 etc.
678 1154 761 1232 Ergo
778 1153 928 1214 voluntas
942 1153 1106 1217 indirecte

91 1232 218 1294 tantum
238 1228 447 1291 facultatibus
470 1231 540 1292 vita
560 1235 753 1310 vegetativae
772 1237 805 1292 et
824 1233 1029 1295 sensibilitati
1047 1251 1103 1296 ex-

90 1313 189 1370 ternae
203 1311 366 1388 imperare
382 1314 500 1386 potest.

91 1435 140 1494 31.
165 1467 205 1477 -
224 1435 333 1496 Transis
353 1434 389 1494 ll.
419 1434 569 1495 Voluntas
592 1435 732 1508 imporat
754 1435 944 1510 simpliciter
956 1441 1108 1511 potentia

126 1516 269 1587 murtei,
292 1520 321 1576 et
340 1515 514 1575 secuudum
529 1516 607 1590 quiet
625 1515 812 1586 totettectut,
832 1517 1062 1591 tmupt‘uutr'out'
1078 1524 1107 1578 et

127 1597 290 1668 uppetttut
300 1596 460 1654 sensitiva.

129 1708 243 1766 Primo
263 1696 344 1782 pore
369 1705 572 1782 experientia
595 1706 683 1766 clare
711 1712 837 1768 constat
860 1726 866 1767 :
893 1724 990 1768 nemo
1017 1711 1106 1771 enim

86 1788 221 1875 ignorat
243 1787 443 1847 voluntatem
468 1802 566 1863 posse
590 1790 701 1846 motus
725 1803 903 1863 corporeos
929 1787 1105 1850 efficaciter

86 1881 279 1942 precipere.

127 1947 280 2005 Secundo
296 1961 376 2020 pore
397 1942 514 2004 eodem
536 1943 634 2005 modo
654 1945 812 2020 probatur
834 1965 840 2005 :
864 1950 995 2007 constat
1019 1948 1104 2007 enim

87 2027 293 2099 experientia
306 2024 521 2097 intellectum,
537 2023 817 2101 imaginationem,
833 2028 1016 2103 appetitum
1031 2043 1104 2087 sen-

86 2106 220 2165 sitivum
238 2103 415 2182 aliquando
438 2104 500 2180 ipsi
524 2103 683 2165 voluntati
706 2105 876 2167 obluctari.
902 2107 973 2167 Non
997 2112 1105 2183 potest

85 2185 240 2245 voluntas
266 2200 399 2261 semper
418 2185 578 2245 voluntati
605 2185 673 2244 haec
696 2185 915 2252 intellectum,
932 2204 961 2247 v.
978 2203 1025 2265 g.⁹
1043 2190 1102 2246 irn-

83 2264 203 2340 pedire
223 2268 302 2341 quin
321 2264 537 2339 cogitationes
557 2264 777 2327 distrahentes
792 2268 825 2325 in
840 2267 988 2328 oratione
1004 2282 1101 2327 enas-

84 2350 216 2411 cantur,
240 2345 295 2405 vel
318 2344 416 2404 etiam
442 2349 555 2404 enatas
580 2361 638 2421 pro
663 2345 753 2404 libito
780 2346 960 2421 expellere.
988 2347 1103 2420 Quoad

82 2427 270 2500 appetitum
281 2426 481 2493 sensitivum
494 2438 561 2484 non
576 2422 684 2484 minus
700 2427 911 2501 perspicuum
926 2430 977 2486 est
990 2427 1104 2487 volun·

81 2507 183 2565 tatem
209 2501 397 2581 nonposse
422 2503 497 2563 huic
522 2502 668 2563 facultati
692 2506 881 2580 simpliciter
906 2506 1100 2582 imperare:

81 2599 184 2645 nemo
211 2584 300 2644 enim
329 2586 362 2645 in
392 2599 428 2642 se
457 2598 524 2643 non
553 2584 714 2659 persentit
734 2600 881 2662 pugnam
904 2582 975 2645 fere
1001 2586 1102 2646 conti·

81 2679 186 2724 uuam
208 2679 308 2741 quam
332 2665 495 2739 appetitus
520 2662 695 2723 sensitivus
717 2671 829 2725 contra
850 2669 978 2741 partem
1002 2682 1100 2741 supe-

81 2744 208 2805 riorem
234 2744 329 2820 gerit.
355 2767 367 2796 α
389 2742 490 2802 Video
516 2748 636 2815 autem,
665 2743 774 2804 aiebat
799 2746 829 2804 S.
852 2745 982 2815 Paulus,
1005 2745 1103 2805 aliam

81 2823 197 2902 legem
211 2822 245 2882 in
259 2822 415 2883 memhris
431 2822 524 2895 meis
541 2826 784 2899 repugnantem
797 2824 864 2900 legi
877 2825 997 2885 mentis
1008 2841 1101 2895 meae,

80 2908 114 2963 et
142 2903 366 2979 captivantem
392 2917 445 2961 me
470 2904 504 2963 in
525 2902 602 2980 lege
624 2904 764 2978 peccati.
790 2928 802 2956 ›
828 2902 919 2964 ldem
947 2904 988 2965 de
1015 2907 1100 2965 ima·

78 2982 265 3061 ginatiene.

121 3064 283 3123 Pr-eterea
315 3060 503 3121 intellectus
528 3064 562 3121 et
589 3060 754 3136 appetitus
783 3063 957 3124 sensitivus
991 3064 1099 3140 aliquo

78 3142 183 3203 mode
208 3142 412 3204 voluntatem
432 3145 539 3218 ipsam
561 3143 708 3201 movent.
733 3141 818 3218 Ergo
848 3144 1040 3220 simpliciter
1068 3149 1102 3203 et

79 3221 237 3284 absolute
259 3220 436 3284 voluntatis
462 3221 600 3297 imperio
620 3236 688 3280 non
709 3220 896 3282 subduntur
922 3243 929 3283 :
953 3225 982 3283 l⁰
1003 3222 1100 3283 Certo

76 3301 270 3363 intellectus
295 3315 364 3362 non
391 3304 503 3362 movet
532 3301 737 3360 voluntatem
768 3301 878 3378 quoad
904 3305 1103 3364 exercitium

78 3387 189 3452 actua,
217 3380 279 3443 sed
306 3380 417 3457 quoad
441 3379 733 3453 specificationem,
765 3397 836 3457 quat
862 3387 911 3442 est
940 3398 981 3443 ex
1007 3390 1101 3459 parte

78 3462 216 3534 objecti,
233 3460 324 3539 quod
339 3458 470 3520 nonnisi
484 3460 524 3521 ab
539 3458 710 3521 intellectu
722 3463 927 3536 proponitur.

121 3542 155 3602 2⁰
169 3542 345 3618 Appetitus
359 3542 535 3601 sensitivus
551 3541 643 3615 quasi
659 3540 906 3601 occasionaliter
920 3546 1029 3602 movet
1042 3557 1101 3603 vc-

78 3618 257 3694 luntatem,
280 3625 442 3698 quatenus
461 3619 579 3681 rationi
599 3623 632 3678 et
649 3618 832 3679 intellectui
854 3622 1026 3680 materiam
1046 3638 1102 3699 ap·

79 3700 317 3777 prehensionls
339 3700 477 3780 injicere
498 3702 621 3777 potest;
650 3700 709 3771 sic,
729 3699 896 3762 mediante
919 3701 1099 3778 intellectu,

415 3805 498 3854 Bnuv.
511 3804 585 3853 Pan.
600 3802 631 3851 Τ.
645 3802 691 3852 III.
704 3828 736 3839 -
748 3802 775 3853 2.
