2642 4250
1151 632 1389 692 PRIMA
1435 633 1627 695 PARS

855 829 1274 905 ETfflcA
1321 794 1928 910 GENERALIS

451 1125 511 1184 4.
541 1149 616 1167 —
638 1125 923 1187 Scientia
955 1133 1052 1189 est
1074 1129 1355 1205 cognitio
1382 1147 1500 1206 per
1522 1147 1752 1192 causas
1782 1148 1904 1192 seu
1932 1149 2054 1208 per
2081 1133 2401 1210 principia

371 1201 662 1282 ideoque
691 1206 812 1266 nisi
844 1207 1117 1287 alicujus
1146 1210 1241 1269 rei
1269 1209 1587 1287 principia
1629 1211 2233 1288 deprehendantur,
2274 1215 2396 1275 hu·

364 1284 558 1362 jusce
597 1285 692 1346 rei
729 1292 960 1347 natura
1004 1289 1378 1351 nullatenus
1416 1290 1771 1352 scientifice
1814 1290 2187 1356 innotescit.
2228 1297 2398 1372 Ergo

373 1363 460 1424 ad
507 1365 944 1443 cognitionem
995 1366 1418 1429 scientificam
1466 1376 1724 1431 actuum
1775 1372 2232 1442 humanorum,
2289 1375 2400 1452 qui

373 1449 779 1507 constituunt
807 1447 1133 1525 objectum
1165 1451 1497 1511 materiale
1526 1452 1783 1525 Ethicae‚
1819 1469 2044 1513 eorum
2083 1455 2401 1531 principia

372 1530 524 1584 sunt
552 1527 1033 1605 investiganda.
2171 1593 2193 1610 „

449 1604 845 1682 Principium
876 1607 1114 1669 dicitur
1139 1608 1207 1669 id
1239 1625 1275 1669 a
1307 1626 1437 1684 quo
1470 1609 1716 1685 aliquid
1747 1628 2169 1689 quocumque
2199 1629 2306 1672 mo
2320 1611 2400 1674 do

373 1687 798 1762 consequitur
826 1686 895 1764 (1,
929 1688 1092 1764 393).
1127 1690 1355 1764 ltaque
1386 1693 1651 1750 actuum
1679 1691 2120 1769 humanorum
2158 1693 2397 1769 princi-

370 1763 477 1839 pia
538 1766 840 1828 dicuntur
899 1782 977 1827 ea
1037 1769 1253 1828 omnia
1302 1785 1442 1843 quae
1490 1769 1573 1829 ad
1636 1772 2035 1847 operationis
2090 1773 2399 1833 humanae

374 1844 786 1906 existentiam
840 1853 1258 1908 concurrunt.
1302 1848 1412 1908 Illa
1450 1849 1766 1926 principia
1806 1867 1947 1928 quae
1996 1850 2080 1912 ad
2116 1851 2402 1928 produc·

373 1924 621 1987 tionem
662 1931 846 1988 actus
887 1928 1152 1989 moralis
1199 1927 1566 1997 conferunt,
1607 1935 1760 1990 sunt.
1801 1931 1909 1992 vel
1946 1931 2249 2002 elicitz'va,
2280 1948 2402 1993 seu

374 2007 760 2080 productiva
803 2008 1008 2083 ipsius
1060 2016 1242 2069 actus
1280 2009 1544 2068 humani
1582 2009 1650 2069 in
1688 2027 1802 2070 suo
1834 2027 1963 2071 esse
1985 2012 2249 2087 physico
2288 2009 2399 2090 (2),

373 2087 480 2147 vel
532 2090 862 2160 directim,
932 2103 1176 2165 nempe
1233 2087 1734 2152 determinativa
1781 2093 1968 2153 actus
2013 2091 2282 2152 humani
2332 2093 2405 2155 in
2467 2097 2473 2104 “

373 2182 488 2226 suo
520 2186 647 2229 esse
675 2169 939 2229 morali.

455 2249 772 2325 Principia
798 2249 1120 2309 elicientia
1147 2252 1302 2308 sunt
1324 2250 1437 2307 aut
1462 2248 1666 2324 ipsius
1696 2266 1915 2311 causae
1946 2249 2286 2312 efficientis
2313 2248 2406 2311 fa-

386 2330 685 2400 unitates,
721 2333 832 2389 aut
863 2327 1184 2406 quidquid
1219 2327 1593 2389 facultatem
1635 2331 2017 2391 naturaliter
2053 2329 2304 2406 perficit
2336 2330 2409 2391 in

380 2414 634 2471 ratione
675 2426 881 2470 causae
920 2407 1289 2477 efficientis;
1334 2408 1651 2484 principia
1694 2408 2002 2471 directiva
2040 2415 2197 2471 sunt
2229 2409 2405 2485 idip-

382 2506 531 2551 sum
561 2488 741 2566 quod
772 2489 1038 2550 exhibet
1061 2504 1355 2549 normam
1386 2504 1515 2564 qua
1546 2488 1915 2568 diriguntur
1946 2494 2132 2550 actus
2170 2491 2407 2551 huma-

380 2574 448 2631 ni
493 2568 576 2629 ad
617 2571 1053 2632 honestatem.
1098 2570 1207 2628 Hic
1251 2567 1497 2643 duplex
1538 2569 1698 2631 ordo
1751 2572 2212 2646 principiorum
2259 2586 2404 2630 res-

383 2648 636 2726 pondet
663 2655 905 2710 naturas
936 2655 1121 2710 actus
1150 2649 1419 2708 humani
1457 2647 1796 2725 adaequate
1834 2654 2130 2724 sumptae.
2177 2650 2404 2726 Itaque

382 2722 591 2807 prima
637 2746 788 2805 pars
835 2730 1067 2791 Ethicae
1120 2728 1417 2790 distribui
1466 2727 1668 2790 debet
1711 2731 1779 2790 in
1827 2728 2073 2805 duplex
2131 2734 2326 2807 caput
2386 2748 2400 2788 :

382 2810 662 2885 primum
694 2810 813 2870 erit
843 2810 927 2871 de
957 2809 1288 2886 principiis
1319 2807 1613 2869 elicitivis
1645 2825 1792 2870 esse
1835 2808 2183 2888 physicum
2221 2813 2405 2870 actus

382 2892 674 2958 humani,
709 2891 889 2967 quod
917 2891 1130 2967 logice
1163 2886 1473 2965 praecedit
1505 2904 1651 2949 esse
1692 2890 1959 2957 morale,
2000 2888 2407 2967 respicienti-

383 2972 538 3041 bus:
591 2970 868 3031 alterum
909 2972 1029 3029 erit
1066 2967 1147 3029 de
1195 2968 1482 3044 prIcipiis
1532 2966 1881 3042 directiviS‚
1934 2985 2075 3046 quae
2125 2967 2209 3029 ad
2258 2983 2405 3029 esse

383 3049 628 3113 morale
660 3058 842 3111 actus
872 3049 1138 3110 humani
1167 3051 1491 3124 spectant.

1238 3287 1493 3349 CAPUT
1524 3288 1546 3347 1

959 3466 1034 3508 DE
1064 3461 1375 3509 PRINCIPIIS
1403 3460 1830 3507 ELICIENTIBUS.

463 3610 524 3669 5.
573 3642 649 3651 --
693 3608 845 3667 Haec
888 3606 1209 3681 principia
1250 3609 1405 3665 sunt
1430 3603 1729 3665 voluntas
1754 3601 1963 3663 libera
1993 3602 2192 3675 atque
2220 3596 2414 3659 virtu·

386 3691 487 3748 tes
545 3690 613 3747 et
666 3688 820 3749 vitia
883 3686 1121 3764 quibus
1175 3686 1484 3747 voluntas
1535 3681 1915 3759 promptior,
1960 3678 2310 3757 proclivior
2351 3680 2420 3739 et
