2642 4250
464 226 569 271 cruror
588 227 758 272 emanans.
1085 215 1122 276 15

94 345 223 406 hahent
257 341 499 403 connexionem
521 359 596 402 cum
617 341 783 421 ejusmodi
803 344 1001 423 ignorantia.
1035 348 1119 425 Ergo

96 427 169 486 vult
198 425 390 498 simpliciter
412 426 590 496 actionem,
618 423 891 500 quandoquidem
918 427 989 487 vult
1015 429 1120 505 ipsam

99 521 234 564 causam
257 503 406 575 actionis
428 502 827 580 videlicetignorantlam.

138 583 306 645 Probatur
319 583 351 642 2²
362 597 454 658 pars.
480 583 602 642 Verum
624 599 701 642 cum
715 584 813 643 homo
836 583 1024 660 ignorantia
1047 603 1121 647 con-

98 666 265 741 sequente
292 663 446 722 laborans
474 676 542 723 non
567 661 688 722 haheat
716 663 937 743 cognitionem
963 667 1121 726 actualem

97 742 286 822 perlectam
310 747 343 802 et
364 742 525 820 integram
549 741 622 802 finis
647 747 681 802 et
708 742 1039 814 circumstantiarum,
1060 746 1121 807 sed

98 825 273 886 virtualem
295 824 419 881 tantum
443 826 542 898 atque
570 820 802 898 imperfectam
828 826 861 883 et
883 821 980 882 valde
1007 828 1119 886 conlu-

99 919 183 975 sam‚
218 906 383 978 reperitur
409 901 443 960 in
471 902 542 978 ipso
572 901 740 978 quoddam
773 902 1030 964 involuntarium
1059 922 1122 982 per

99 985 349 1062 ignorantiam:
373 981 524 1042 voluntas
540 983 637 1042 totam
660 998 733 1042 rem
753 997 821 1042 non
837 983 1060 1058 amplectitur,
1088 992 1120 1047 et

102 1061 226 1125 exinde
237 1061 361 1138 aliquid
381 1061 483 1126 veluti
497 1062 567 1120 sine
582 1062 753 1122 voluntate
769 1063 919 1123 elabitur.

141 1139 676 1204 24.*lv.nrconcop1scnrn.
702 1175 741 1184 —
765 1142 847 1202 Cum
870 1142 969 1202 homo
996 1143 1120 1220 duplici

98 1227 196 1301 parte
212 1225 351 1292 constet,
367 1222 532 1296 superiori
544 1235 665 1297 nempe
682 1223 815 1283 omnino
831 1222 1002 1299 spirituali,
1020 1231 1053 1284 et
1070 1228 1121 1284 tn-

98 1303 223 1379 sert‘ort
239 1301 339 1362 rebus
362 1305 486 1360 tantum
507 1303 674 1376 corporeis
689 1300 979 1377 apprehendendis
997 1302 1119 1384 dedita,

99 1381 136 1443 fit
154 1388 192 1442 ut
212 1384 285 1459 ejus
299 1381 450 1441 voluntas
471 1378 512 1439 ad
529 1378 651 1456 duplex
669 1381 837 1457 objectum
853 1381 1009 1453 trahatur,
1025 1386 1119 1461 spiri-

101 1463 191 1528 tuale
210 1460 365 1522 videlicet
385 1465 418 1519 et
436 1475 642 1535 corporeum.
658 1458 709 1519 Ad
723 1462 866 1537 primum
880 1477 941 1538 per
955 1464 1056 1522 solius
1070 1465 1121 1525 in-

102 1542 255 1602 tellectus
264 1539 524 1610 illustrationem,
539 1538 582 1599 ad
592 1539 779 1600 secundum
789 1557 868 1602 vero
882 1556 944 1618 per
957 1544 1122 1620 appetitus

101 1622 249 1683 sensitivi
280 1626 312 1680 et
341 1619 584 1696 imaginationis
614 1619 774 1681 influxum
805 1637 866 1682 seu
890 1625 1121 1684 excitationem

101 1708 266 1762 movetur.

141 1781 241 1842 Porro
256 1779 406 1840 voluntas
421 1778 462 1838 ab
478 1777 627 1854 appetitu
641 1777 786 1840 sensibili
803 1778 924 1856 duplici
938 1782 1037 1843 modo
1053 1801 1121 1843 mo-

101 1861 172 1922 veri
189 1863 302 1937 potest
324 1874 331 1918 :
356 1862 384 1918 l⁰
403 1856 563 1916 indirecte
584 1863 617 1916 et
635 1857 791 1930 mediate,
817 1860 954 1932 scilicet,
975 1863 1122 1924 interce-

103 1939 205 2001 dente
221 1938 400 2008 intellectu,
418 1937 469 1996 cui
483 1937 671 2014 imaginatio
686 1938 914 2014 phantasmata
929 1957 1040 2002 rernm
1058 1946 1121 2005 im-

102 2020 244 2082 mediate
262 2017 407 2088 exhihet;
424 2018 456 2076 2⁰
472 2015 595 2076 directe
612 2021 644 2076 et
658 2017 860 2091 immediate,
878 2025 1043 2097 quatenus
1061 2038 1123 2098 per

101 2100 206 2161 solam
237 2097 442 2175 presentiam
478 2097 757 2174 phantasmatum,
793 2099 945 2161 voluntas
971 2108 1123 2163 movetur

102 2182 189 2242 circa
206 2180 280 2240 talia
296 2178 438 2255 objecta,
454 2176 722 2252 independenter
736 2195 754 2238 a
769 2179 920 2255 qualibet
935 2184 1122 2243 intellectus

101 2278 120 2322 o
149 2261 309 2320 eratione.

123 2277 194 2400 p25.
208 2336 528 2413 -lloncupiscentia
541 2332 696 2397 dividitur
708 2338 741 2397 in
757 2339 990 2401 antecedentem
1005 2347 1038 2403 et
1052 2359 1123 2403 con-

100 2424 297 2495 sequentem,
317 2422 415 2494 prout
432 2416 589 2492 praecedit
606 2416 783 2476 voluntatis
798 2434 1005 2493 consensum,
1022 2439 1122 2499 quem

103 2494 312 2569 determinat,
338 2502 396 2558 aut
420 2512 440 2555 a
460 2496 634 2557 voluntatis
658 2496 796 2573 imperio
821 2498 893 2575 ipsa
916 2501 1070 2562 incitatur
1089 2507 1123 2562 et

104 2581 340 2640 commovetur.
922 2611 926 2617 ·

102 2702 154 2764 26.
175 2735 214 2745 -
233 2702 339 2762 l'nxsrs
359 2702 381 2760 l.
401 2696 868 2777 Concupiscenttuunteeedens
891 2711 988 2780 annet
1006 2706 1119 2767 notun-

142 2784 268 2843 turt'urn
281 2785 309 2841 ct
323 2782 438 2842 minuet
450 2780 599 2841 ttberum.

142 2898 304 2959 Probatur
329 2898 358 2955 1⁸
377 2912 466 2971 pars.
491 2895 715 2956 Voluntarium
739 2911 778 2957 eo
798 2896 960 2959 intensius
981 2906 1032 2961 est
1055 2921 1120 2982 quo

102 2981 254 3039 voluntas
264 2976 412 3038 viridiori
421 2975 520 3036 modo
533 2974 635 3036 fertur
648 2978 683 3035 in
695 2991 768 3036 rem
784 2978 962 3053 expetitam
978 2999 985 3039 :
999 2981 1122 3060 aliquid

104 3059 193 3119 enim
208 3057 327 3117 dicitur
340 3057 560 3118 voluntarium
572 3072 614 3115 ex
633 3072 672 3116 eo
690 3055 935 3133 quodvoluntas
948 3061 984 3120 in
1001 3061 1035 3121 id
1053 3064 1120 3124 fer·

104 3144 167 3199 tur.
179 3136 278 3213 Atqui
290 3132 557 3213 concupiscentia
566 3140 668 3215 auget
678 3137 936 3213 propensionem
947 3141 1122 3206 voluntatis

102 3218 135 3279 in
151 3218 330 3295 objectum,
350 3223 387 3276 ut
402 3215 605 3291 experientia
632 3216 764 3291 plenius
790 3233 882 3295 aquo
904 3216 1118 3285 demonstrat.

102 3300 186 3376 Ergo
204 3296 470 3371 concupiscentia
484 3292 689 3356 antecedens
702 3300 804 3375 auget
818 3299 1047 3362 voluntarium.

142 3376 307 3437 Probatur
328 3377 361 3437 2³
386 3391 478 3450 pars.
509 3374 655 3435 Libertas
675 3380 740 3435 stat
764 3376 799 3436 in
822 3377 966 3454 quadam
991 3380 1120 3443 indiffe-

101 3457 209 3518 rentia
222 3456 373 3517 adunam
383 3460 440 3515 ant
450 3454 587 3514 alteram
598 3460 725 3532 partem
738 3456 1017 3529 contradictionis;
1030 3464 1121 3541 atqui

102 3534 423 3614 concupiscentiam
442 3549 542 3595 unam
562 3538 690 3594 tantum
710 3540 838 3612 partem
854 3539 1120 3604 contradictionis

101 3617 274 3679 hominem
296 3615 449 3693 impellit;
473 3630 553 3693 ergo
577 3615 855 3691 concupiscentia,
876 3631 947 3694 qua
965 3622 1001 3683 in
1017 3638 1119 3685 unam
