2642 4250
453 267 574 337 “smirci
595 288 752 336 sanctine.
1059 271 1116 331 137

136 407 210 469 249.
236 440 275 452 -
307 407 485 468 sataliam.
518 405 675 482 specialis
692 402 862 480 dispositio
879 402 1114 463 elementorum

93 488 270 548 socialium
291 487 352 547 sub
378 501 445 547 una
473 490 646 563 potestate,
667 500 729 544 seu
753 483 871 544 modus
887 499 952 559 quo
969 487 1114 558 potestas

91 566 142 628 ad
163 567 403 628 multitudinem
419 567 635 627 essentialiter
650 580 686 624 se
703 563 813 634 babet,
833 561 951 624 dicitur
965 564 1112 622 constitu·

93 649 145 706 tio
161 645 304 724 politica.
321 647 377 708 Est
398 646 550 723 analogia
575 661 616 704 ex
640 641 810 704 individuo
827 643 964 721 plrysico
981 640 1112 702 desum-

92 731 166 804 pta,
193 728 227 786 in
258 743 322 804 qno
347 741 408 801 per
434 727 696 786 constitutionem
725 723 918 801 intelligitur
945 720 1114 798 dispositio

94 809 243 884 partium
272 809 428 882 respectu
449 807 558 866 totius
591 804 819 882 Congruenter
842 804 917 863 huic
942 801 1117 878 conceptui

95 885 315 965 generaliori,
350 884 588 946 constitutionis
613 881 744 944 nomine
772 881 909 960 intelligi
935 882 1043 942 solent
1071 895 1111 941 03

97 969 225 1028 statuta
240 967 361 1042 scripta
375 965 428 1024 vel
449 980 514 1025 non
530 965 649 1039 scripta
665 962 784 1040 quibus
799 963 939 1040 alicujus
953 955 1116 1025 societatis

97 1048 253 1123 regimen
281 1045 460 1118 ordinatur,
490 1047 559 1106 sive
590 1046 620 1104 l⁰
644 1048 801 1117 respectu
829 1043 999 1117 potcstatis
1021 1043 1054 1100 in
1079 1031 1115 1100 s‘e

100 1123 217 1203 quoad
239 1126 393 1185 ambitum
409 1129 443 1184 et
469 1123 657 1184 exercitium
665 1121 787 1200 jurium
815 1139 886 1199 quae
909 1120 1015 1182 eidem
1032 1136 1116 1180 com·

103 1209 227 1285 petunt
242 1205 397 1282 illamque
422 1204 633 1275 constituunt,
659 1205 728 1262 sive
742 1203 774 1261 2⁰
788 1208 942 1279 respectu
962 1215 1116 1277 persona-

99 1303 189 1358 rum,
204 1286 237 1344 in
253 1285 372 1362 quibus
388 1283 461 1344 data
474 1288 619 1359 potestas
633 1281 788 1354 resideat,
805 1299 865 1344 seu
879 1280 990 1359 quoad
1005 1280 1114 1340 deter-

101 1366 318 1426 minationem
333 1365 470 1440 subjt’ctr‘
483 1365 665 1441 potestatis.

99 1485 176 1546 250.
192 1519 230 1528 -
246 1486 354 1545 Tarsis
379 1485 427 1545 111.
452 1485 639 1545 constitutio
658 1482 797 1558 pottttca
823 1482 911 1542 debet
936 1493 1117 1555 31100190-

141 1567 230 1636 nica,
254 1581 316 1625 noa
331 1564 529 1625 mechanica.

144 1677 238 1736 Nota.
264 1676 501 1736 Mecbaat‘sraus
524 1679 573 1736 est
597 1672 765 1750 dispositio
785 1673 924 1733 materia
939 1673 1052 1734 inertis
1077 1669 1120 1730 ad

80 1813 83 1820 .
103 1755 357 1834 exsequendum
383 1761 520 1827 motnm;
545 1757 750 1829 organismos
774 1758 824 1813 est
846 1751 1041 1828 dispositura
1064 1756 1120 1811 aut

102 1834 187 1897 ordo
203 1837 342 1911 partium
359 1836 516 1911 peculiari
528 1839 689 1894 structura
705 1834 919 1894 constantium
937 1837 969 1892 et
991 1833 1118 1893 actione

103 1917 238 1991 propria
259 1913 436 1976 fruentium
454 1933 460 1974 ε
478 1932 507 1975 v.
525 1930 559 1992 g.
576 1916 782 1991 organismus
804 1912 980 1974 humanus.
1006 1915 1119 1988 ltaque
1154 1939 1157 1944 ·

105 1996 295 2056 constitutio
322 1993 437 2054 dicitur
459 1993 647 2054 mechanica
679 2010 750 2071 qua
772 1993 814 2053 ad
840 2007 876 2052 se
892 1990 1119 2053 accommodat

103 2077 178 2135 sine
191 2072 374 2137 discrimine
387 2075 549 2136 clementa
560 2073 742 2145 societatis
757 2077 808 2133 est
819 2071 973 2150 organica
985 2070 1117 2150 quando

105 2172 124 2216 e
142 2158 303 2215 contrario
326 2156 421 2216 variis
437 2158 470 2214 at
485 2154 715 2214 essentialibus
741 2154 912 2214 elementis
932 2153 1026 2231 Juxta
1040 2169 1119 2230 pro-

104 2235 209 2311 priam
227 2252 336 2297 eorum
352 2240 500 2295 naturam
516 2250 591 2293 sese
606 2232 841 2294 accommodat.

147 2316 319 2374 Probatur.
338 2314 482 2375 Societas
498 2316 648 2390 personis
666 2317 804 2381 constat,
826 2327 897 2388 quaa
912 2314 1050 2388 propriis
1061 2313 1116 2393 ju-

103 2393 197 2453 ribus
211 2400 244 2454 et
256 2394 408 2454 libertate
423 2392 581 2471 gaudent,
595 2393 628 2453 in
643 2392 854 2453 societatibus
868 2391 1119 2467 particularibus

104 2472 344 2539 coadunantur,
369 2473 452 2551 (243)
467 2479 565 2551 atquo
580 2471 703 2533 viribus
717 2471 930 2548 inaequalibus
946 2478 978 2531 et
998 2472 1116 2537 intelli·

105 2554 229 2631 gentiis
248 2553 357 2631 gradu
380 2552 516 2615 diversis
539 2551 706 2625 fruuntur;
732 2552 821 2629 atqui
848 2550 1034 2613 constitutio
1049 2571 1116 2617 me-

106 2632 256 2705 chanica,
273 2638 307 2695 ut
327 2636 455 2693 constat
470 2636 510 2692 e'x
527 2631 727 2703 delinitione,
751 2645 910 2708 personas
924 2632 956 2692 in
972 2648 1025 2691 res
1041 2649 1116 2695 con·

104 2714 214 2784 vertit,
228 2713 304 2792 jura
319 2711 530 2773 individualia
546 2716 579 2771 et
604 2711 781 2773 domestica
807 2709 954 2780 destruit,
981 2712 1114 2790 liberta·

104 2797 169 2852 tem
186 2796 403 2855 necessariam
416 2792 458 2852 ad
474 2794 610 2868 propriae
621 2790 784 2851 industria
796 2789 982 2867 propriique
994 2792 1118 2870 ingenii

104 2871 358 2949 explicationem
390 2870 483 2941 tollit,
520 2868 598 2931 dum
633 2872 667 2930 ln
706 2870 934 2933 constitutione
964 2875 1118 2949 organica

104 2951 214 3011 omnia
244 2953 409 3012 elementa
432 2951 630 3012 adhibentur
646 2950 741 3029 juxta
766 2950 927 3026 propriam
955 2951 1116 3029 qu‘usque

103 3032 268 3102 naturam,
284 3045 405 3106 nempe
432 3034 588 3092 rationem
619 3030 734 3109 organi
757 3027 959 3104 particularis
982 3032 1115 3094 habent.

103 3125 166 3169 seu
180 3110 364 3171 secundum
379 3126 469 3171 suam
492 3107 649 3179 indolem,
674 3110 923 3187 naturalemque
938 3110 1115 3172 ordinatio-

104 3206 181 3249 nem
207 3197 384 3265 opcrantur
409 3191 443 3251 in
469 3189 523 3259 illo
549 3204 687 3265 corpore
711 3190 838 3259 morali,
862 3187 952 3265 quod
977 3193 1117 3253 societas

103 3269 301 3345 appellatur.
315 3270 427 3345 ltaque
443 3266 649 3329 manifestum
666 3274 717 3329 est
732 3270 994 3330 constitutionem
1011 3270 1117 3348 politi-

105 3364 175 3409 cam
188 3364 264 3409 esse
281 3348 405 3410 debere
420 3350 621 3427 organicam.

144 3428 213 3487 251.
239 3462 277 3471 —-
293 3428 527 3490 corollarium.
543 3430 627 3506 Ergo
645 3426 834 3487 constitutio
849 3425 980 3502 politica
999 3427 1031 3485 in
1052 3442 1117 3503 qua

102 3504 271 3567 individua
286 3513 317 3568 et
333 3506 505 3568 inferiores
519 3508 705 3579 societates
732 3508 906 3582 praesertim
924 3504 1115 3579 domestica,

104 3586 194 3647 omni
217 3593 307 3648 motu
321 3592 505 3664 spontaneo
532 3586 798 3656 destituerentur,
828 3602 898 3663 qua
921 3585 1060 3663 proinde
1084 3588 1117 3647 in

104 3682 259 3743 suprema
281 3670 446 3744 potestate
461 3667 544 3727 civili
559 3667 637 3745 J'ura
661 3664 872 3727 individualia
888 3669 921 3725 et
937 3666 1116 3728 domestica

103 3745 302 3822 includeret,
326 3763 344 3808 3
354 3746 432 3827 jure
447 3748 585 3809 naturali
598 3750 686 3808 certo
702 3760 818 3807 aversa
831 3747 932 3807 esset.
