2642 4250
221 203 259 264 la
525 223 706 269 unavnmuu
725 223 927 269 PlllLOSOPlhAE

218 340 346 414 partem
361 335 465 416 magis
486 351 586 414 quam
604 337 638 398 in
652 337 789 398 alteram
804 338 951 416 impellit,
967 340 1084 403 minuit
1097 341 1232 405 liberta·
1315 342 1317 359 ²

221 420 298 477 tem.
1315 420 1317 445 '

256 497 307 558 27.
325 529 363 538 -
382 495 558 557 Scholianr.
579 494 853 573 Concupiscentia
874 497 1075 579 quandoque
1094 501 1237 565 liberum
1315 516 1317 569 ἑ

217 576 315 652 plane
328 576 409 636 tollit
421 592 428 634 :
442 591 563 651 nempe
573 577 602 637 si
614 575 757 637 estadeo
769 579 947 640 vehemens
956 587 992 640 ut
1005 583 1104 657 plane
1133 583 1237 644 ohcae-
1315 578 1317 631 ἶ

219 660 271 717 cet
295 659 501 732 operantem,
527 671 588 716 seu
611 671 705 715 usum
731 657 864 718 rationis
889 660 1022 735 penitus
1046 659 1174 722 auferat
1200 667 1235 723 et
1315 724 1317 733 ,

217 740 338 796 motum
354 734 458 812 primo
474 737 616 811 primum
631 737 812 813 producat:
825 737 860 798 id
876 739 1035 817 contingit
1048 743 1082 800 in
1096 741 1159 803 illis
1176 745 1234 820 qui
1315 762 1317 765 ·

216 819 352 892 propter
368 815 667 891 concupiscentiam
681 814 764 876 fiunt
779 822 929 878 amentes
954 828 1009 879 aut
1023 818 1147 882 furiosi.
1165 822 1231 883 Sed

216 898 250 956 iu
263 895 325 956 hac
344 895 520 974 hypothesi
533 911 601 956 non
621 899 673 956 est
686 899 818 972 proprie
833 899 1051 960 voluntarium
1070 905 1127 961 aut
1140 903 1232 963 invo·
1315 926 1317 931 ·

214 975 401 1047 luntarium‚
442 976 518 1052 quia
555 975 598 1036 ad
634 977 854 1037 voluntarium
884 979 939 1039 vel
975 979 1234 1042 involuntarium
1315 1012 1317 1031 ι

214 1055 401 1132 requiritur,
418 1056 467 1114 sin
482 1057 590 1116 minus
607 1056 748 1134 cognitio
764 1055 847 1129 finis,
860 1059 976 1137 saltem
987 1076 1067 1120 usus
1080 1061 1229 1124 rationis.
1315 1074 1317 1122 i

216 1133 295 1195 lnde
330 1134 597 1211 concupiscentia
629 1139 745 1210 potest·
771 1139 1005 1199 necessitatem
1038 1137 1158 1200 inferre
1187 1140 1232 1203 ad
1315 1154 1316 1161 ’

214 1213 451 1292 appetendum,
467 1231 534 1275 non
553 1215 685 1291 proprie
701 1220 734 1276 et
753 1218 865 1278 stricte
880 1216 923 1278 ad
941 1218 1229 1282 consentiendum.
1315 1212 1317 1273 ὲ

212 1329 262 1404 28.
280 1341 438 1402 -Tuasrs
454 1339 489 1398 ll.
523 1342 785 1415 Concupiscentia
801 1357 992 1417 consequens
1006 1349 1104 1419 anpet
1117 1345 1231 1405 voian-
1315 1328 1317 1378 j

252 1421 387 1491 tarinrn,
404 1419 829 1480 sednonlninaitiiherant.
1315 1449 1317 1459 ·

251 1544 414 1604 Probatur
451 1547 480 1606 1⁸
503 1559 596 1618 pars.
627 1542 932 1620 Concupiscentiam
966 1553 1231 1623 consequentem

212 1623 280 1683 vult
299 1624 451 1685 voluntas
469 1627 506 1684 ut
524 1623 695 1684 intensiori
710 1624 785 1683 nisu
800 1640 835 1684 se
854 1621 937 1684 ferat
955 1625 989 1685 in
1008 1642 1145 1701 pravum
1165 1627 1230 1688 oh-

208 1703 347 1780 jectum.
362 1705 445 1782 Ergo
463 1703 730 1780 concupiscentia
745 1704 948 1765 antecedens
963 1709 1065 1784 auget
1078 1707 1229 1768 volunta·
1315 1732 1317 1737 ·

211 1786 307 1846 rium.

251 1863 412 1922 Probatur
435 1863 469 1922 2³
488 1879 578 1938 pars.
603 1862 666 1922 Per
690 1861 990 1940 concupiscentiam
1015 1880 1226 1942 consequen·
1315 1904 1317 1921 ,

106 2011 107 2016 1
213 1946 290 2014 tem,
310 1943 461 2004 voluntas
482 1943 618 2003 trahitur
638 1942 672 2002 in
690 1958 790 2001 unam
809 1949 935 2018 partem
955 1945 1060 2021 magis
1080 1961 1176 2022 quam
1193 1945 1228 2007 in
1315 1975 1317 2025 q

212 2021 305 2082 aliam
325 2023 421 2082 unice
442 2024 518 2100 quia
536 2021 571 2082 id
585 2023 701 2095 voluit;
723 2037 802 2100 ergo
821 2023 973 2083 voluntas
992 2024 1078 2083 hunc
1100 2030 1228 2086 motum
1315 2029 1317 2067 f

205 2101 304 2180 jussit
322 2101 378 2179 qui
399 2100 538 2178 proinde
560 2117 600 2163 ex
615 2102 688 2179 ipso
704 2117 767 2163 usu
780 2101 938 2164 libertatis
953 2102 1114 2179 procedit.
1131 2103 1227 2172 Unde

210 2180 373 2259 quidquid
402 2184 592 2243 intentionis
613 2185 713 2243 estin
733 2182 899 2261 ejusmodi
918 2187 994 2244 actu
1015 2184 1104 2246 venit
1119 2201 1161 2245 ex
1181 2186 1223 2247 li·
1315 2229 1317 2232 .

209 2262 289 2323 hero
305 2278 368 2322 usu
382 2262 551 2322 libertatis

385 2388 402 2449 ἓ
421 2386 452 2439 ll.
473 2386 514 2439 De
532 2383 694 2439 voluntatis
708 2382 834 2453 imperio
849 2386 880 2439 et
897 2383 1046 2442 libertate.

349 2499 372 2549 Ι.
393 2498 433 2548 Dc
445 2496 585 2548 voluntatis
596 2495 703 2562 imperio
717 2495 745 2544 in
758 2496 821 2545 alias
834 2495 926 2545 animae
941 2497 1080 2548 facultates.

247 2600 297 2662 29.
322 2598 564 2677 -XFacultates
579 2594 693 2657 animae
707 2594 889 2657 secundum
905 2595 1066 2674 triplicem
1080 2597 1225 2677 gradum

206 2681 278 2739 vitae
303 2682 537 2739 enumerantur
562 2696 569 2736 ε
595 2677 664 2737 aliae
691 2679 776 2736 enim
801 2675 843 2736 ad
866 2677 965 2736 vitam
987 2680 1221 2756 vegetativam,

207 2759 275 2819 alia
289 2758 331 2818 ad
345 2758 443 2819 vitam
453 2758 653 2830 sensitivam,
672 2756 738 2815 alia
755 2754 898 2832 denique
915 2755 956 2816 ad
971 2759 1070 2818 vitam
1080 2761 1221 2821 rationa-

206 2839 273 2899 lem
296 2841 447 2913 spectant
474 2837 524 2916 (ll,
555 2833 635 2915 144).
663 2835 820 2909 Quaritur
849 2851 928 2913 orgo
954 2837 1120 2911 quomodo
1149 2840 1221 2901 aliis

205 2917 414 2979 facultatibus
430 2918 670 2995 cujuscumque
685 2914 808 2976 ordinis
829 2915 978 2976 voluntas
993 2917 1151 2993 imperet?

244 2996 478 3059 Adnotandum
507 3001 558 3057 est
585 2996 667 3057 illud
694 2994 865 3071 imperium
897 2995 1098 3057 considerari
1119 3015 1218 3076 posse

206 3082 276 3138 tum
289 3076 399 3156 quoad
414 3078 617 3149 coercitione,
628 3076 673 3136 ita
686 3078 723 3135 ut
733 3076 882 3148 voluntas
897 3074 977 3137 alias
987 3074 1160 3149 facultates
1177 3078 1219 3139 de

204 3174 272 3219 non
292 3156 469 3236 agentibus
490 3154 587 3216 faciat
612 3158 764 3233 agentes
788 3158 855 3214 tum
875 3154 987 3231 quoad
1009 3158 1221 3233 specificatio·

204 3254 288 3311 aera,
309 3238 433 3298 scilicet
452 3235 494 3297 ad
513 3236 576 3297 hoc
593 3241 629 3295 ut
649 3234 822 3296 facultates
841 3232 973 3295 eliciant
991 3242 1084 3297 actus
1107 3238 1219 3314 specie

206 3317 364 3389 diversos
384 3334 414 3379 v.
435 3331 482 3395 g„
504 3330 674 3376 assensum
698 3315 752 3377 vel
777 3312 963 3375 dissensum
983 3316 1017 3376 in
1035 3316 1217 3380 intellectu.

205 3438 255 3509 30.
276 3471 315 3481 -
334 3440 440 3499 Tarsis
463 3438 486 3497 l.
512 3435 661 3498 Voluntas
682 3437 800 3495 directe
820 3439 848 3493 et
863 3452 926 3509 per
944 3454 977 3497 se
994 3453 1059 3498 non
1076 3440 1219 3515 imperat

240 3518 454 3594 facultatibus
470 3517 543 3577 citae
559 3516 753 3591 repetatioae,
778 3531 879 3589 neqne
897 3517 1040 3579 sensibus
1062 3522 1219 3597 aeternis,

245 3600 301 3659 sect
313 3603 438 3659 tantam
452 3598 604 3657 indirecte
618 3601 646 3657 et
656 3611 720 3672 per
733 3596 890 3655 accidens.
