2642 4250
526 279 707 325 BREVldeUld
729 269 930 323 PlllLOSOPlllAE

219 404 440 491 philosophati
471 402 559 467 sunt,
591 395 716 473 quique
748 387 850 450 muita
879 378 1117 444 exercitatione
1139 389 1181 437 se
1205 371 1251 436 ad

220 493 362 552 mortem
385 481 519 544 assidue
539 472 719 554 praeparati
739 475 826 530 sunt.

530 610 564 659 ll.
584 600 751 668 Philosophia
766 594 920 648 sinensium.

217 796 219 799 .
262 742 298 802 ln
318 729 536 798 remotissima
562 726 662 786 etiarn
687 715 893 792 antiquitate,
919 706 1124 786 philosophia
1152 701 1250 780 apud

222 823 380 882 Sincnses
394 811 498 890 riguit
512 813 612 882 atque
625 795 803 877 splendide
820 792 946 857 enituit,
960 803 1061 864 opere
1078 790 1111 848 in
1125 783 1250 861 primis

221 903 374 964 Ki-Tscn,
392 895 448 971 qui
463 893 540 949 ante
555 884 720 945 Christum
735 891 811 936 ann.
831 873 909 934 1100
922 869 1043 930 floruit.
1057 870 1137 926 Lao·
1147 868 1249 933 Tseu,

222 983 280 1058 qui
301 979 396 1039 annis
418 969 545 1034 circiter
565 965 625 1026 600
647 964 723 1020 ante
747 955 906 1016 Christum
928 948 1018 1012 vixit,
1042 945 1247 1022 sapientiam

222 1058 408 1122 Sincnsium
437 1047 575 1127 perfecit
603 1036 801 1118 praesertim.
833 1029 1071 1107 metaphysicae
1095 1038 1248 1100 ,operam

222 1142 318 1212 dans,
341 1145 501 1208 suamque
519 1123 699 1185 doctrinam
721 1116 813 1177 libris
826 1111 868 1190 (l)
891 1111 947 1187 qui
972 1106 1079 1169 adhuc
1095 1107 1249 1175 exstant,

222 1221 284 1282 sed
319 1233 385 1277 non
420 1226 487 1272 uno
511 1207 546 1266 in
567 1205 640 1263 loco
663 1194 864 1272 interpolati,
898 1187 1078 1249 mandavit.
1116 1184 1245 1257 Confu-

222 1305 300 1372 ct'as,
319 1294 427 1375 quibit
442 1289 535 1350 annis
551 1288 627 1361 post
647 1279 814 1339 Lao-”Pseu
833 1268 995 1337 inclaruit,
1022 1267 1120 1327 aliam
1144 1264 1246 1324 scho-

157 1386 161 1389 ’
221 1383 288 1442 larn
302 1372 463 1440 fundavit,
480 1381 555 1445 quaa
572 1361 680 1422 adhuc
703 1357 802 1417 etiam
824 1352 1009 1429 permanet.
1032 1349 1068 1407 in
1095 1343 1248 1421 discipli-

222 1477 300 1522 nam
333 1453 493 1516 moralem
528 1445 637 1521 potius
668 1435 817 1497 incubuit
844 1428 899 1509 (2).
930 1429 1035 1488 Deum
1070 1439 1178 1484 unum
1207 1437 1248 1482 ac

221 1550 416 1616 supremum
431 1525 611 1606 profitetur.
630 1522 717 1580 inter
732 1511 911 1586 discipulos
925 1503 1069 1569 Confucii
1083 1517 1248 1564 annume-

221 1625 337 1680 rantur
361 1611 558 1685 Tseapd'sea
587 1605 621 1662 ct
648 1597 838 1671 Many-Pseu
866 1590 927 1650 sub
963 1587 1097 1647 nomine
1126 1581 1248 1643 ltlencii

223 1699 376 1778 cognitus
399 1689 452 1770 (3).
476 1687 620 1762 liujusce
637 1679 741 1738 ultimi
764 1673 848 1733 liber
868 1685 935 1730 una
952 1681 1028 1728 cum
1041 1665 1135 1724 libris
1155 1663 1245 1725 Con·

222 1781 301 1842 lucii
321 1778 461 1853 quatuor
483 1767 585 1829 ttoros
605 1757 768 1820 scholares
789 1745 955 1832 (Sse'clroa)
978 1746 1142 1807 efformet.

222 1912 267 1962 lll.
284 1900 448 1966 Philosophia
468 1897 615 1950 Persarum,
635 1885 824 1940 Chaldaeorum,
845 1875 1030 1942 AEgyptiorum
1043 1877 1070 1922 ei
1083 1873 1248 1922 Phaenrcum·

265 2027 289 2087 l.
306 2026 390 2083 inter
408 2009 621 2092 philosophos
634 2005 809 2062 Persarum
831 1995 955 2055 eminet
979 1995 1166 2059 Zoroaster,
1189 1989 1246 2065 qui

223 2108 291 2169 avo
328 2100 416 2161 Darii
445 2087 616 2172 hystaspis
643 2083 711 2151 filii,
743 2077 873 2140 vivebat
898 2087 1023 2135 :suam
1060 2069 1246 2131 doctrinam

225 2182 424 2247 carminibus
439 2176 507 2235 suis
529 2162 764 2230 celeberrimis
782 2156 902 2234 quibus
928 2154 1039 2214 titulus
1064 2154 1115 2211 est
1139 2148 1246 2210 Zend-

223 2268 355 2332 Avesta,
392 2253 572 2317 mandavit.
611 2248 659 2305 De
695 2239 806 2317 primis
836 2235 944 2296 causis
973 2235 1148 2293 zoroaster
1173 2230 1246 2289 haec

226 2348 382 2425 dogmata
403 2333 504 2397 refert
527 2351 534 2391 z
555 2331 601 2389 lta
628 2330 792 2397 tempore,
814 2314 904 2392 quod
920 2317 971 2373 est
991 2327 1050 2371 ens
1072 2315 1245 2379 aternum,

224 2422 454 2505 profluxerunt
479 2412 545 2473 duo
574 2402 744 2483 principia,
768 2397 894 2457 scilicet
916 2392 1112 2471 principium
1138 2391 1246 2449 omnis

225 2508 316 2575 boni,
336 2497 487 2563 Orinazd,
501 2484 739 2565 etprincipium
751 2477 838 2547 mali,
852 2476 1021 2537 harenton:
1044 2472 1088 2531 ab.
1100 2470 1245 2529 Ormuzd

227 2585 358 2648 condita
373 2578 507 2639 luerunt
523 2569 638 2629 coelum
656 2566 689 2623 et
714 2564 810 2627 terra,
837 2555 877 2613 ab
893 2554 1059 2615 Ahriman,
1085 2550 1243 2612 tenebra.

225 2664 343 2741 Quoad
357 2656 528 2722 moralem,
546 2648 671 2707 cultum
686 2640 783 2716 ignis,
801 2635 853 2695 cui
864 2635 935 2712 jam
950 2632 1112 2693 vacabant
1124 2630 1242 2701 Persa,

225 2746 401 2809 Zoroaster
415 2735 509 2797 novis
523 2724 663 2787 tirrnavit
678 2718 834 2781 institutis
856 2712 910 2791 tt).

265 2827 304 2886 ll.
331 2825 417 2882 lnter
440 2807 652 2892 philosophos
677 2796 902 2861 Chaldaeorum
927 2788 1172 2866 computandus
1196 2794 1243 2850 est

226 2906 389 2968 Peresius,
415 2896 472 2972 qui
495 2896 645 2963 tempore
670 2875 845 2941 Alexandri
869 2874 976 2957 Magni
1000 2871 1118 2947 viguit,
1145 2874 1243 2945 atque

225 2988 361 3047 Graecos
396 2970 610 3047 astrologiam
638 2962 761 3030 docuit,
795 2970 927 3017 necnon
962 2951 1107 3027 aliquam
1141 2949 1244 3010 edidit

257 3122 291 3184 (t)
310 3114 502 3173 Tac-te-Kinp,
517 3122 561 3155 seu
577 3081 656 3153 Liber
669 3100 701 3146 de
715 3082 762 3144 nia
776 3102 800 3142 et
814 3088 999 3151 oirttctc‚trad.
1015 3087 1249 3147 Stanislaslulien,

223 3180 399 3243 Paris,1842.

257 3276 282 3337 (2
316 3271 355 3322 Cl'.
383 3266 450 3314 inter
477 3273 555 3323 opera
577 3248 692 3304 Conlucii
707 3247 801 3317 librum
820 3242 860 3289 cni
874 3239 964 3289 titulus
979 3252 984 3285 :
1000 3240 1249 3288 L'invariablemi'

225 3342 291 3391 lieu,
303 3333 373 3383 trad.
388 3327 453 3378 Abel
473 3324 639 3371 Remanent.-
646 3312 769 3361 Paulhrer
786 3308 854 3355 :Les
869 3305 950 3351 liores
964 3303 1054 3349 sacre's
1068 3304 1100 3349 dc
1116 3302 1241 3352 l'Oriem¹

224 3404 257 3453 P.
272 3395 387 3459 couplet,
402 3391 430 3439 S.
445 3388 469 3434 J.
487 3378 644 3441 Constemus,
661 3374 794 3421 Sinuruna
803 3365 985 3430 philosophas.
1001 3360 1085 3422 Paris,
1101 3363 1175 3413 1637,

256 3489 292 3553 (3)
305 3480 474 3544 Meng·Tseu,
489 3470 552 3519 edit.
566 3463 691 3516 Stanislas
704 3458 800 3509 hilion.
814 3454 896 3505 Paris.
914 3453 986 3503 1824.

257 3577 291 3637 (4)
305 3570 433 3631 Diogenes
448 3564 534 3627 Laert.
550 3558 589 3605 De
602 3553 676 3609 ciris,
691 3545 858 3611 elephantibus
872 3550 896 3590 ct
911 3540 1179 3603 apophtbepmatibus
1193 3545 1245 3592 ola-

224 3650 321 3687 rorum
333 3626 558 3694 philosophorum.
574 3610 742 3665 introductio.
758 3606 952 3665 Zered-Acesta,
966 3603 993 3677 in
1007 3604 1068 3667 gall.
1078 3604 1143 3670 ling.
1159 3613 1244 3657 trans-

224 3702 271 3751 alt.
286 3689 568 3757 Anqnetil-Duperrou.
582 3676 671 3729 Paris.
690 3670 760 3722 1771.
