<?xml version="1.0" encoding="UTF-8"?>
<!DOCTYPE html PUBLIC "-//W3C//DTD XHTML 1.0 Transitional//EN"
    "http://www.w3.org/TR/xhtml1/DTD/xhtml1-transitional.dtd">
<html xmlns="http://www.w3.org/1999/xhtml" xml:lang="en" lang="en">
 <head>
  <title>
</title>
<meta http-equiv="Content-Type" content="text/html;charset=utf-8" />
  <meta name='ocr-system' content='tesseract 3.04.00' />
  <meta name='ocr-capabilities' content='ocr_page ocr_carea ocr_par ocr_line ocrx_word'/>
</head>
<body>
  <div class='ocr_page' id='page_1' title='image "./brevariumphilos00grangoog_0037.png"; bbox 0 0 2642 4250; ppageno 0'>
   <div class='ocr_carea' id='block_1_1' title="bbox 454 265 1111 332">
    <p class='ocr_par' dir='ltr' id='par_1_1' title="bbox 454 265 1111 332">
     <span class='ocr_line' id='line_1_1' title="bbox 454 265 1111 332; baseline 0.005 -2"><span class='ocrx_word' id='word_1_1' title='bbox 454 288 558 332; x_wconf 70' lang='lat' dir='ltr'>urmes</span> <span class='ocrx_word' id='word_1_2' title='bbox 577 287 749 332; x_wconf 74' lang='lat' dir='ltr'>caucasus</span> <span class='ocrx_word' id='word_1_3' title='bbox 1071 265 1111 326; x_wconf 68' lang='lat'>25</span> 
     </span>
    </p>
   </div>
   <div class='ocr_carea' id='block_1_2' title="bbox 85 397 1113 872">
    <p class='ocr_par' dir='ltr' id='par_1_2' title="bbox 85 397 1113 872">
     <span class='ocr_line' id='line_1_2' title="bbox 85 397 1108 479; baseline -0.006 -16"><span class='ocrx_word' id='word_1_4' title='bbox 85 402 144 464; x_wconf 83' lang='lat' dir='ltr'>vel</span> <span class='ocrx_word' id='word_1_5' title='bbox 166 417 234 463; x_wconf 91' lang='lat' dir='ltr'>non</span> <span class='ocrx_word' id='word_1_6' title='bbox 253 417 367 479; x_wconf 82' lang='lat' dir='ltr'>agere,</span> <span class='ocrx_word' id='word_1_7' title='bbox 382 401 498 478; x_wconf 92' lang='lat' dir='ltr'>positis</span> <span class='ocrx_word' id='word_1_8' title='bbox 520 402 671 463; x_wconf 87' lang='lat' dir='ltr'>omnihus</span> <span class='ocrx_word' id='word_1_9' title='bbox 686 401 728 462; x_wconf 84' lang='lat' dir='ltr'>ad</span> <span class='ocrx_word' id='word_1_10' title='bbox 744 400 910 479; x_wconf 83' lang='lat' dir='ltr'>agendum</span> <span class='ocrx_word' id='word_1_11' title='bbox 928 397 1108 476; x_wconf 70' lang='lat' dir='ltr'>requisitis:</span> 
     </span>
     <span class='ocr_line' id='line_1_3' title="bbox 88 477 1111 543; baseline -0.006 -1"><span class='ocrx_word' id='word_1_12' title='bbox 88 487 124 542; x_wconf 92' lang='lat' dir='ltr'>et</span> <span class='ocrx_word' id='word_1_13' title='bbox 136 498 214 542; x_wconf 88' lang='lat' dir='ltr'>cum</span> <span class='ocrx_word' id='word_1_14' title='bbox 227 487 320 542; x_wconf 88' lang='lat' dir='ltr'>actus</span> <span class='ocrx_word' id='word_1_15' title='bbox 335 483 471 543; x_wconf 90' lang='lat' dir='ltr'>humani</span> <span class='ocrx_word' id='word_1_16' title='bbox 483 483 661 542; x_wconf 86' lang='lat' dir='ltr'>consistant</span> <span class='ocrx_word' id='word_1_17' title='bbox 673 480 853 542; x_wconf 75' lang='lat' dir='ltr'>formaliter</span> <span class='ocrx_word' id='word_1_18' title='bbox 868 482 901 540; x_wconf 91' lang='lat' dir='ltr'>in</span> <span class='ocrx_word' id='word_1_19' title='bbox 917 480 1045 540; x_wconf 88' lang='lat' dir='ltr'>actibus</span> <span class='ocrx_word' id='word_1_20' title='bbox 1056 477 1111 537; x_wconf 91' lang='lat' dir='ltr'>eli-</span> 
     </span>
     <span class='ocr_line' id='line_1_4' title="bbox 88 557 1113 639; baseline -0.006 -17"><span class='ocrx_word' id='word_1_21' title='bbox 88 563 164 622; x_wconf 80' lang='lat' dir='ltr'>citis</span> <span class='ocrx_word' id='word_1_22' title='bbox 186 561 250 638; x_wconf 88' lang='lat' dir='ltr'>(lll,</span> <span class='ocrx_word' id='word_1_23' title='bbox 280 559 324 639; x_wconf 80' lang='grc' dir='ltr'>Ι),</span> <span class='ocrx_word' id='word_1_24' title='bbox 351 560 563 622; x_wconf 89' lang='lat' dir='ltr'>manifestum</span> <span class='ocrx_word' id='word_1_25' title='bbox 587 567 634 622; x_wconf 88' lang='lat' dir='ltr'>est</span> <span class='ocrx_word' id='word_1_26' title='bbox 658 563 837 622; x_wconf 90' lang='lat' dir='ltr'>essentiam</span> <span class='ocrx_word' id='word_1_27' title='bbox 863 559 958 621; x_wconf 86' lang='lat' dir='ltr'>liberi</span> <span class='ocrx_word' id='word_1_28' title='bbox 989 557 1113 618; x_wconf 86' lang='lat' dir='ltr'>arbitrii</span> 
     </span>
     <span class='ocr_line' id='line_1_5' title="bbox 87 637 1109 718; baseline -0.005 -16"><span class='ocrx_word' id='word_1_29' title='bbox 87 642 269 718; x_wconf 80' lang='lat' dir='ltr'>importare</span> <span class='ocrx_word' id='word_1_30' title='bbox 290 645 486 717; x_wconf 85' lang='lat' dir='ltr'>praesentem</span> <span class='ocrx_word' id='word_1_31' title='bbox 507 640 744 702; x_wconf 88' lang='lat' dir='ltr'>immunitatem</span> <span class='ocrx_word' id='word_1_32' title='bbox 768 655 787 700; x_wconf 90' lang='lat' dir='ltr'>a</span> <span class='ocrx_word' id='word_1_33' title='bbox 809 639 948 716; x_wconf 82' lang='lat' dir='ltr'>simplici</span> <span class='ocrx_word' id='word_1_34' title='bbox 963 637 1109 699; x_wconf 89' lang='lat' dir='ltr'>necessi·</span> 
     </span>
     <span class='ocr_line' id='line_1_6' title="bbox 90 717 1111 799; baseline -0.004 -17"><span class='ocrx_word' id='word_1_35' title='bbox 90 725 170 782; x_wconf 84' lang='lat' dir='ltr'>tate.</span> <span class='ocrx_word' id='word_1_36' title='bbox 187 722 273 799; x_wconf 84' lang='lat' dir='ltr'>Ergo</span> <span class='ocrx_word' id='word_1_37' title='bbox 290 722 358 781; x_wconf 81' lang='lat' dir='ltr'>haec</span> <span class='ocrx_word' id='word_1_38' title='bbox 373 721 516 781; x_wconf 83' lang='lat' dir='ltr'>essentia</span> <span class='ocrx_word' id='word_1_39' title='bbox 530 721 703 782; x_wconf 88' lang='lat' dir='ltr'>evidenter</span> <span class='ocrx_word' id='word_1_40' title='bbox 718 721 866 781; x_wconf 86' lang='lat' dir='ltr'>consistit</span> <span class='ocrx_word' id='word_1_41' title='bbox 876 721 909 780; x_wconf 91' lang='lat' dir='ltr'>in</span> <span class='ocrx_word' id='word_1_42' title='bbox 923 717 1111 780; x_wconf 81' lang='lat' dir='ltr'>indifferen-</span> 
     </span>
     <span class='ocr_line' id='line_1_7' title="bbox 90 799 992 872; baseline -0.004 -10"><span class='ocrx_word' id='word_1_43' title='bbox 90 802 138 862; x_wconf 87' lang='lat' dir='ltr'>tia</span> <span class='ocrx_word' id='word_1_44' title='bbox 153 801 271 871; x_wconf 88' lang='lat' dir='ltr'>activa‚</span> <span class='ocrx_word' id='word_1_45' title='bbox 289 805 322 861; x_wconf 89' lang='lat' dir='ltr'>et</span> <span class='ocrx_word' id='word_1_46' title='bbox 336 817 404 862; x_wconf 88' lang='lat' dir='ltr'>non</span> <span class='ocrx_word' id='word_1_47' title='bbox 420 799 561 862; x_wconf 83' lang='lat' dir='ltr'>excludit</span> <span class='ocrx_word' id='word_1_48' title='bbox 575 803 704 862; x_wconf 88' lang='lat' dir='ltr'>tantum</span> <span class='ocrx_word' id='word_1_49' title='bbox 725 802 941 863; x_wconf 87' lang='lat' dir='ltr'>coactionem.</span> <span class='ocrx_word' id='word_1_50' title='bbox 988 863 992 872; x_wconf 62' lang='grc'><em>,</em></span> 
     </span>
    </p>
   </div>
   <div class='ocr_carea' id='block_1_3' title="bbox 90 920 1112 1075">
    <p class='ocr_par' dir='ltr' id='par_1_3' title="bbox 90 920 1112 1075">
     <span class='ocr_line' id='line_1_8' title="bbox 90 920 1112 994; baseline -0.007 -10"><span class='ocrx_word' id='word_1_51' title='bbox 90 921 144 984; x_wconf 83' lang='grc'>44.</span> <span class='ocrx_word' id='word_1_52' title='bbox 165 955 206 965; x_wconf 93' lang='lat'>—-</span> <span class='ocrx_word' id='word_1_53' title='bbox 222 923 332 983; x_wconf 78' lang='lat' dir='ltr'>THssSlS</span> <span class='ocrx_word' id='word_1_54' title='bbox 355 924 391 982; x_wconf 96' lang='grc' dir='ltr'>ΙΙ.</span> <span class='ocrx_word' id='word_1_55' title='bbox 408 925 456 984; x_wconf 84' lang='lat' dir='ltr'>Ad</span> <span class='ocrx_word' id='word_1_56' title='bbox 469 923 629 984; x_wconf 80' lang='lat' dir='ltr'>rationem</span> <span class='ocrx_word' id='word_1_57' title='bbox 644 924 755 983; x_wconf 79' lang='lat' dir='ltr'>meriti</span> <span class='ocrx_word' id='word_1_58' title='bbox 767 921 818 982; x_wconf 80' lang='lat' dir='ltr'>oet</span> <span class='ocrx_word' id='word_1_59' title='bbox 833 921 985 982; x_wconf 79' lang='lat' dir='ltr'>demeriti</span> <span class='ocrx_word' id='word_1_60' title='bbox 1000 920 1112 994; x_wconf 80' lang='lat' dir='ltr'>requi·</span> 
     </span>
     <span class='ocr_line' id='line_1_9' title="bbox 134 1002 628 1075; baseline 0.002 -14"><span class='ocrx_word' id='word_1_61' title='bbox 134 1003 223 1062; x_wconf 84' lang='lat' dir='ltr'>rr&#39;tttr</span> <span class='ocrx_word' id='word_1_62' title='bbox 238 1002 373 1062; x_wconf 82' lang='lat' dir='ltr'>libertus</span> <span class='ocrx_word' id='word_1_63' title='bbox 394 1003 628 1075; x_wconf 78' lang='lat' dir='ltr'>indifferentiae.</span> 
     </span>
    </p>
   </div>
   <div class='ocr_carea' id='block_1_4' title="bbox 92 1121 1142 3756">
    <p class='ocr_par' dir='ltr' id='par_1_4' title="bbox 92 1121 1142 1514">
     <span class='ocr_line' id='line_1_10' title="bbox 134 1121 1142 1187; baseline -0.006 -1"><span class='ocrx_word' id='word_1_64' title='bbox 134 1127 220 1186; x_wconf 82' lang='lat' dir='ltr'>Nota</span> <span class='ocrx_word' id='word_1_65' title='bbox 234 1127 245 1184; x_wconf 99' lang='grc' dir='ltr'><strong>Ι</strong></span> <span class='ocrx_word' id='word_1_66' title='bbox 251 1174 257 1187; x_wconf 94' lang='grc'><strong>.</strong></span> <span class='ocrx_word' id='word_1_67' title='bbox 273 1126 450 1186; x_wconf 72' lang='lat' dir='ltr'>asserebat</span> <span class='ocrx_word' id='word_1_68' title='bbox 468 1126 642 1186; x_wconf 79' lang='lat' dir='ltr'>lansenius</span> <span class='ocrx_word' id='word_1_69' title='bbox 658 1125 701 1187; x_wconf 91' lang='lat' dir='ltr'>ad</span> <span class='ocrx_word' id='word_1_70' title='bbox 715 1123 913 1186; x_wconf 90' lang='lat' dir='ltr'>merendum</span> <span class='ocrx_word' id='word_1_71' title='bbox 926 1124 979 1186; x_wconf 87' lang='lat' dir='ltr'>vel</span> <span class='ocrx_word' id='word_1_72' title='bbox 995 1121 1108 1183; x_wconf 89' lang='lat' dir='ltr'>deme·</span> <span class='ocrx_word' id='word_1_73' title='bbox 1140 1169 1142 1174; x_wconf 95' lang='lat'><em>.</em></span> 
     </span>
     <span class='ocr_line' id='line_1_11' title="bbox 93 1201 1112 1283; baseline -0.004 -19"><span class='ocrx_word' id='word_1_74' title='bbox 93 1204 240 1265; x_wconf 91' lang='lat' dir='ltr'>rendum</span> <span class='ocrx_word' id='word_1_75' title='bbox 260 1205 295 1265; x_wconf 92' lang='lat' dir='ltr'>in</span> <span class='ocrx_word' id='word_1_76' title='bbox 317 1211 403 1266; x_wconf 89' lang='lat' dir='ltr'>statu</span> <span class='ocrx_word' id='word_1_77' title='bbox 422 1211 543 1265; x_wconf 78' lang='lat' dir='ltr'>natura</span> <span class='ocrx_word' id='word_1_78' title='bbox 565 1207 674 1283; x_wconf 75' lang='lat' dir='ltr'>lapsa,</span> <span class='ocrx_word' id='word_1_79' title='bbox 699 1223 766 1266; x_wconf 88' lang='lat' dir='ltr'>oon</span> <span class='ocrx_word' id='word_1_80' title='bbox 781 1206 904 1281; x_wconf 90' lang='lat' dir='ltr'>requiri</span> <span class='ocrx_word' id='word_1_81' title='bbox 924 1205 958 1264; x_wconf 91' lang='lat' dir='ltr'>in</span> <span class='ocrx_word' id='word_1_82' title='bbox 979 1201 1112 1263; x_wconf 90' lang='lat' dir='ltr'>homine</span> 
     </span>
     <span class='ocr_line' id='line_1_12' title="bbox 92 1283 1111 1356; baseline -0.005 -12"><span class='ocrx_word' id='word_1_83' title='bbox 92 1285 284 1345; x_wconf 89' lang='lat' dir='ltr'>libertatem</span> <span class='ocrx_word' id='word_1_84' title='bbox 306 1301 324 1345; x_wconf 91' lang='lat' dir='ltr'>a</span> <span class='ocrx_word' id='word_1_85' title='bbox 346 1287 556 1356; x_wconf 87' lang='lat' dir='ltr'>necessitate,</span> <span class='ocrx_word' id='word_1_86' title='bbox 574 1285 636 1347; x_wconf 88' lang='lat' dir='ltr'>sed</span> <span class='ocrx_word' id='word_1_87' title='bbox 650 1283 803 1346; x_wconf 84' lang='lat' dir='ltr'>sulficere</span> <span class='ocrx_word' id='word_1_88' title='bbox 824 1286 1011 1346; x_wconf 89' lang='lat' dir='ltr'>libertatem</span> <span class='ocrx_word' id='word_1_89' title='bbox 1025 1298 1043 1340; x_wconf 90' lang='lat' dir='ltr'>a</span> <span class='ocrx_word' id='word_1_90' title='bbox 1059 1297 1111 1340; x_wconf 91' lang='lat' dir='ltr'>co·</span> 
     </span>
     <span class='ocr_line' id='line_1_13' title="bbox 94 1363 1111 1439; baseline -0.004 -15"><span class='ocrx_word' id='word_1_91' title='bbox 94 1367 238 1425; x_wconf 87' lang='lat' dir='ltr'>actione.</span> <span class='ocrx_word' id='word_1_92' title='bbox 266 1365 337 1424; x_wconf 88' lang='lat' dir='ltr'>llaec</span> <span class='ocrx_word' id='word_1_93' title='bbox 358 1365 505 1427; x_wconf 90' lang='lat' dir='ltr'>doctrina</span> <span class='ocrx_word' id='word_1_94' title='bbox 531 1365 572 1425; x_wconf 88' lang='lat' dir='ltr'>ab</span> <span class='ocrx_word' id='word_1_95' title='bbox 598 1366 791 1426; x_wconf 86' lang='lat' dir='ltr'>Innocentio</span> <span class='ocrx_word' id='word_1_96' title='bbox 816 1367 855 1439; x_wconf 89' lang='lat' dir='ltr'>X,</span> <span class='ocrx_word' id='word_1_97' title='bbox 885 1367 923 1425; x_wconf 89' lang='lat' dir='ltr'>ut</span> <span class='ocrx_word' id='word_1_98' title='bbox 949 1363 1111 1432; x_wconf 85' lang='lat' dir='ltr'>haeretica,</span> 
     </span>
     <span class='ocr_line' id='line_1_14' title="bbox 92 1442 954 1514; baseline 0.001 -12"><span class='ocrx_word' id='word_1_99' title='bbox 92 1442 339 1504; x_wconf 87' lang='lat' dir='ltr'>fuitdamnata.</span> <span class='ocrx_word' id='word_1_100' title='bbox 757 1452 764 1468; x_wconf 88' lang='lat'>&#39;</span> <span class='ocrx_word' id='word_1_101' title='bbox 952 1510 954 1514; x_wconf 67' lang='lat'>,</span> 
     </span>
    </p>

    <p class='ocr_par' dir='ltr' id='par_1_5' title="bbox 95 1520 1114 1824">
     <span class='ocr_line' id='line_1_15' title="bbox 134 1520 1111 1600; baseline -0.005 -16"><span class='ocrx_word' id='word_1_102' title='bbox 134 1525 219 1584; x_wconf 84' lang='lat' dir='ltr'>Nota</span> <span class='ocrx_word' id='word_1_103' title='bbox 242 1525 278 1583; x_wconf 94' lang='lat' dir='ltr'>ll.</span> <span class='ocrx_word' id='word_1_104' title='bbox 300 1525 449 1585; x_wconf 89' lang='lat' dir='ltr'>Meritum</span> <span class='ocrx_word' id='word_1_105' title='bbox 463 1521 541 1583; x_wconf 91' lang='lat' dir='ltr'>nihil</span> <span class='ocrx_word' id='word_1_106' title='bbox 556 1522 644 1585; x_wconf 92' lang='lat' dir='ltr'>aliud</span> <span class='ocrx_word' id='word_1_107' title='bbox 661 1529 713 1584; x_wconf 88' lang='lat' dir='ltr'>est</span> <span class='ocrx_word' id='word_1_108' title='bbox 726 1523 787 1584; x_wconf 93' lang='lat' dir='ltr'>nisi</span> <span class='ocrx_word' id='word_1_109' title='bbox 803 1539 954 1600; x_wconf 81' lang='lat' dir='ltr'>congruae</span> <span class='ocrx_word' id='word_1_110' title='bbox 973 1520 1111 1583; x_wconf 89' lang='lat' dir='ltr'>retribu-</span> 
     </span>
     <span class='ocr_line' id='line_1_16' title="bbox 95 1601 1114 1680; baseline -0.002 -18"><span class='ocrx_word' id='word_1_111' title='bbox 95 1603 196 1664; x_wconf 88' lang='lat' dir='ltr'>tionls</span> <span class='ocrx_word' id='word_1_112' title='bbox 221 1601 388 1680; x_wconf 79' lang='lat' dir='ltr'>exigentia</span> <span class='ocrx_word' id='word_1_113' title='bbox 415 1621 422 1662; x_wconf 78' lang='grc' dir='ltr'>ε</span> <span class='ocrx_word' id='word_1_114' title='bbox 446 1603 599 1664; x_wconf 88' lang='lat' dir='ltr'>meritum</span> <span class='ocrx_word' id='word_1_115' title='bbox 620 1620 700 1680; x_wconf 82' lang='lat' dir='ltr'>ergo</span> <span class='ocrx_word' id='word_1_116' title='bbox 726 1608 778 1664; x_wconf 90' lang='lat' dir='ltr'>est</span> <span class='ocrx_word' id='word_1_117' title='bbox 799 1602 958 1664; x_wconf 86' lang='lat' dir='ltr'>habitudo</span> <span class='ocrx_word' id='word_1_118' title='bbox 982 1606 1114 1662; x_wconf 89' lang='lat' dir='ltr'>actuum</span> 
     </span>
     <span class='ocr_line' id='line_1_17' title="bbox 95 1681 1111 1760; baseline -0.003 -17"><span class='ocrx_word' id='word_1_119' title='bbox 95 1683 319 1743; x_wconf 89' lang='lat' dir='ltr'>humanorum</span> <span class='ocrx_word' id='word_1_120' title='bbox 334 1682 376 1743; x_wconf 89' lang='lat' dir='ltr'>ad</span> <span class='ocrx_word' id='word_1_121' title='bbox 393 1684 478 1743; x_wconf 87' lang='lat' dir='ltr'>entia</span> <span class='ocrx_word' id='word_1_122' title='bbox 494 1683 661 1744; x_wconf 88' lang='lat' dir='ltr'>rationalia</span> <span class='ocrx_word' id='word_1_123' title='bbox 678 1688 776 1760; x_wconf 92' lang='lat' dir='ltr'>prout</span> <span class='ocrx_word' id='word_1_124' title='bbox 794 1685 827 1744; x_wconf 93' lang='lat' dir='ltr'>in</span> <span class='ocrx_word' id='word_1_125' title='bbox 848 1698 962 1743; x_wconf 91' lang='lat' dir='ltr'>eorum</span> <span class='ocrx_word' id='word_1_126' title='bbox 986 1681 1111 1742; x_wconf 85' lang='lat' dir='ltr'>emolu·</span> 
     </span>
     <span class='ocr_line' id='line_1_18' title="bbox 97 1761 712 1824; baseline 0.002 -2"><span class='ocrx_word' id='word_1_127' title='bbox 97 1766 246 1824; x_wconf 88' lang='lat' dir='ltr'>mentum</span> <span class='ocrx_word' id='word_1_128' title='bbox 261 1761 314 1824; x_wconf 91' lang='lat' dir='ltr'>vel</span> <span class='ocrx_word' id='word_1_129' title='bbox 330 1761 564 1823; x_wconf 90' lang='lat' dir='ltr'>detrimentum·</span> <span class='ocrx_word' id='word_1_130' title='bbox 578 1763 712 1824; x_wconf 89' lang='lat' dir='ltr'>cedunt.</span> 
     </span>
    </p>

    <p class='ocr_par' dir='ltr' id='par_1_6' title="bbox 93 1837 1116 2941">
     <span class='ocr_line' id='line_1_19' title="bbox 137 1837 1113 1919; baseline -0.004 -17"><span class='ocrx_word' id='word_1_131' title='bbox 137 1842 311 1902; x_wconf 81' lang='lat' dir='ltr'>Probatur.</span> <span class='ocrx_word' id='word_1_132' title='bbox 333 1843 361 1901; x_wconf 93' lang='lat' dir='ltr'>l⁰</span> <span class='ocrx_word' id='word_1_133' title='bbox 374 1843 477 1902; x_wconf 90' lang='lat' dir='ltr'>Meriti</span> <span class='ocrx_word' id='word_1_134' title='bbox 493 1851 673 1919; x_wconf 88' lang='lat' dir='ltr'>conceptus</span> <span class='ocrx_word' id='word_1_135' title='bbox 687 1845 840 1919; x_wconf 85' lang='lat' dir='ltr'>importat</span> <span class='ocrx_word' id='word_1_136' title='bbox 854 1858 937 1918; x_wconf 92' lang='lat' dir='ltr'>opus</span> <span class='ocrx_word' id='word_1_137' title='bbox 955 1837 1079 1900; x_wconf 86' lang='lat' dir='ltr'>factum</span> <span class='ocrx_word' id='word_1_138' title='bbox 1094 1854 1113 1899; x_wconf 91' lang='lat' dir='ltr'>a</span> 
     </span>
     <span class='ocr_line' id='line_1_20' title="bbox 99 1918 1112 2000; baseline -0.001 -21"><span class='ocrx_word' id='word_1_139' title='bbox 99 1926 252 1982; x_wconf 88' lang='lat' dir='ltr'>merente</span> <span class='ocrx_word' id='word_1_140' title='bbox 274 1921 383 1998; x_wconf 89' lang='lat' dir='ltr'>aliquo</span> <span class='ocrx_word' id='word_1_141' title='bbox 403 1921 501 1982; x_wconf 89' lang='lat' dir='ltr'>modo</span> <span class='ocrx_word' id='word_1_142' title='bbox 523 1924 556 1983; x_wconf 90' lang='lat' dir='ltr'>in</span> <span class='ocrx_word' id='word_1_143' title='bbox 575 1927 714 2000; x_wconf 85' lang='lat' dir='ltr'>gratiam</span> <span class='ocrx_word' id='word_1_144' title='bbox 731 1925 784 1983; x_wconf 87' lang='lat' dir='ltr'>vel</span> <span class='ocrx_word' id='word_1_145' title='bbox 804 1919 1013 1983; x_wconf 86' lang='lat' dir='ltr'>commodum</span> <span class='ocrx_word' id='word_1_146' title='bbox 1040 1918 1112 1996; x_wconf 77' lang='lat' dir='ltr'>eJus</span> 
     </span>
     <span class='ocr_line' id='line_1_21' title="bbox 95 1999 1113 2080; baseline -0.003 -18"><span class='ocrx_word' id='word_1_147' title='bbox 95 2001 186 2077; x_wconf 85' lang='lat' dir='ltr'>apud</span> <span class='ocrx_word' id='word_1_148' title='bbox 203 2016 302 2078; x_wconf 92' lang='lat' dir='ltr'>quem</span> <span class='ocrx_word' id='word_1_149' title='bbox 318 2006 471 2062; x_wconf 90' lang='lat' dir='ltr'>meretur.</span> <span class='ocrx_word' id='word_1_150' title='bbox 487 2004 583 2078; x_wconf 85' lang='lat' dir='ltr'>Atqui</span> <span class='ocrx_word' id='word_1_151' title='bbox 599 2019 703 2080; x_wconf 80' lang='lat' dir='ltr'>agens</span> <span class='ocrx_word' id='word_1_152' title='bbox 718 2001 808 2079; x_wconf 94' lang='lat' dir='ltr'>quod</span> <span class='ocrx_word' id='word_1_153' title='bbox 822 2002 971 2061; x_wconf 83' lang='lat' dir='ltr'>libertate</span> <span class='ocrx_word' id='word_1_154' title='bbox 985 1999 1113 2060; x_wconf 83' lang='lat' dir='ltr'>indiffe-</span> 
     </span>
     <span class='ocr_line' id='line_1_22' title="bbox 95 2079 1111 2160; baseline -0.002 -19"><span class='ocrx_word' id='word_1_155' title='bbox 95 2083 210 2142; x_wconf 84' lang='lat' dir='ltr'>rentlae</span> <span class='ocrx_word' id='word_1_156' title='bbox 227 2087 365 2153; x_wconf 81' lang='lat' dir='ltr'>careret,</span> <span class='ocrx_word' id='word_1_157' title='bbox 381 2097 448 2143; x_wconf 90' lang='lat' dir='ltr'>non</span> <span class='ocrx_word' id='word_1_158' title='bbox 463 2088 576 2158; x_wconf 87' lang='lat' dir='ltr'>posset</span> <span class='ocrx_word' id='word_1_159' title='bbox 592 2085 808 2160; x_wconf 86' lang='lat' dir='ltr'>l⁰ipsummet</span> <span class='ocrx_word' id='word_1_160' title='bbox 823 2081 1045 2160; x_wconf 84' lang='lat' dir='ltr'>opuspraemio</span> <span class='ocrx_word' id='word_1_161' title='bbox 1063 2079 1111 2140; x_wconf 92' lang='lat' dir='ltr'>di-</span> 
     </span>
     <span class='ocr_line' id='line_1_23' title="bbox 93 2161 1113 2300; baseline -0.004 -77"><span class='ocrx_word' id='word_1_162' title='bbox 93 2177 202 2300; x_wconf 47' lang='lat' dir='ltr'>ffnum</span> <span class='ocrx_word' id='word_1_163' title='bbox 229 2166 393 2239; x_wconf 76' lang='lat' dir='ltr'>prestare,</span> <span class='ocrx_word' id='word_1_164' title='bbox 424 2164 443 2222; x_wconf 77' lang='lat'><strong>2</strong></span> <span class='ocrx_word' id='word_1_165' title='bbox 489 2161 570 2223; x_wconf 89' lang='lat' dir='ltr'>illud</span> <span class='ocrx_word' id='word_1_166' title='bbox 597 2164 749 2224; x_wconf 90' lang='lat' dir='ltr'>ordinare</span> <span class='ocrx_word' id='word_1_167' title='bbox 785 2161 828 2222; x_wconf 94' lang='lat' dir='ltr'>ad</span> <span class='ocrx_word' id='word_1_168' title='bbox 856 2161 1023 2239; x_wconf 74' lang='lat' dir='ltr'>praemium</span> <span class='ocrx_word' id='word_1_169' title='bbox 1052 2176 1113 2220; x_wconf 88' lang='lat' dir='ltr'>seu</span> 
     </span>
     <span class='ocr_line' id='line_1_24' title="bbox 106 2242 1114 2315; baseline 0.001 -15"><span class='ocrx_word' id='word_1_170' title='bbox 106 2257 206 2301; x_wconf 88' lang='lat' dir='ltr'>acere</span> <span class='ocrx_word' id='word_1_171' title='bbox 223 2244 258 2302; x_wconf 90' lang='lat' dir='ltr'>in</span> <span class='ocrx_word' id='word_1_172' title='bbox 281 2243 490 2302; x_wconf 90' lang='lat' dir='ltr'>commodum</span> <span class='ocrx_word' id='word_1_173' title='bbox 517 2244 661 2303; x_wconf 87' lang='lat' dir='ltr'>alterius.</span> <span class='ocrx_word' id='word_1_174' title='bbox 687 2242 826 2312; x_wconf 81' lang='lat' dir='ltr'>Etenim,</span> <span class='ocrx_word' id='word_1_175' title='bbox 855 2246 883 2303; x_wconf 89' lang='lat'>1⁰</span> <span class='ocrx_word' id='word_1_176' title='bbox 911 2256 977 2301; x_wconf 93' lang='lat' dir='ltr'>non</span> <span class='ocrx_word' id='word_1_177' title='bbox 1002 2245 1114 2315; x_wconf 87' lang='lat' dir='ltr'>posset</span> 
     </span>
     <span class='ocr_line' id='line_1_25' title="bbox 96 2317 1113 2397; baseline -0.002 -16"><span class='ocrx_word' id='word_1_178' title='bbox 96 2336 182 2397; x_wconf 89' lang='lat' dir='ltr'>opus</span> <span class='ocrx_word' id='word_1_179' title='bbox 203 2326 354 2397; x_wconf 63' lang='lat' dir='ltr'>praestare</span> <span class='ocrx_word' id='word_1_180' title='bbox 375 2320 464 2396; x_wconf 89' lang='lat' dir='ltr'>quod</span> <span class='ocrx_word' id='word_1_181' title='bbox 483 2322 628 2383; x_wconf 87' lang='lat' dir='ltr'>valorem</span> <span class='ocrx_word' id='word_1_182' title='bbox 649 2323 804 2383; x_wconf 90' lang='lat' dir='ltr'>moralem</span> <span class='ocrx_word' id='word_1_183' title='bbox 824 2321 957 2387; x_wconf 81' lang='lat' dir='ltr'>haheat,</span> <span class='ocrx_word' id='word_1_184' title='bbox 980 2319 1055 2395; x_wconf 92' lang='lat' dir='ltr'>quia</span> <span class='ocrx_word' id='word_1_185' title='bbox 1071 2317 1113 2379; x_wconf 92' lang='lat' dir='ltr'>ad</span> 
     </span>
     <span class='ocr_line' id='line_1_26' title="bbox 95 2399 1112 2477; baseline -0.002 -16"><span class='ocrx_word' id='word_1_186' title='bbox 95 2402 159 2462; x_wconf 84' lang='lat' dir='ltr'>ltoo</span> <span class='ocrx_word' id='word_1_187' title='bbox 178 2402 358 2477; x_wconf 89' lang='lat' dir='ltr'>requiritur</span> <span class='ocrx_word' id='word_1_188' title='bbox 375 2406 411 2459; x_wconf 87' lang='lat' dir='ltr'>ut</span> <span class='ocrx_word' id='word_1_189' title='bbox 428 2403 626 2477; x_wconf 89' lang='lat' dir='ltr'>principium</span> <span class='ocrx_word' id='word_1_190' title='bbox 646 2404 823 2463; x_wconf 86' lang='lat' dir='ltr'>elicitivum</span> <span class='ocrx_word' id='word_1_191' title='bbox 842 2404 884 2461; x_wconf 91' lang='lat' dir='ltr'>sit</span> <span class='ocrx_word' id='word_1_192' title='bbox 901 2402 1053 2460; x_wconf 89' lang='lat' dir='ltr'>voluntas</span> <span class='ocrx_word' id='word_1_193' title='bbox 1072 2399 1112 2459; x_wconf 89' lang='lat' dir='ltr'>li·</span> 
     </span>
     <span class='ocr_line' id='line_1_27' title="bbox 97 2478 1114 2560; baseline -0.002 -19"><span class='ocrx_word' id='word_1_194' title='bbox 97 2481 197 2551; x_wconf 75' lang='lat' dir='ltr'>ltera3</span> <span class='ocrx_word' id='word_1_195' title='bbox 223 2483 256 2541; x_wconf 77' lang='lat'>2⁰</span> <span class='ocrx_word' id='word_1_196' title='bbox 274 2495 342 2540; x_wconf 92' lang='lat' dir='ltr'>non</span> <span class='ocrx_word' id='word_1_197' title='bbox 364 2481 486 2541; x_wconf 85' lang='lat' dir='ltr'>valeret</span> <span class='ocrx_word' id='word_1_198' title='bbox 505 2480 647 2560; x_wconf 83' lang='lat' dir='ltr'>dirigere</span> <span class='ocrx_word' id='word_1_199' title='bbox 667 2499 751 2559; x_wconf 93' lang='lat' dir='ltr'>opus</span> <span class='ocrx_word' id='word_1_200' title='bbox 770 2481 804 2540; x_wconf 91' lang='lat' dir='ltr'>in</span> <span class='ocrx_word' id='word_1_201' title='bbox 823 2480 938 2541; x_wconf 89' lang='lat' dir='ltr'>ordine</span> <span class='ocrx_word' id='word_1_202' title='bbox 963 2478 1005 2538; x_wconf 89' lang='lat' dir='ltr'>ad</span> <span class='ocrx_word' id='word_1_203' title='bbox 1031 2495 1114 2557; x_wconf 54' lang='lat' dir='ltr'>prae*</span> 
     </span>
     <span class='ocr_line' id='line_1_28' title="bbox 97 2557 1114 2639; baseline -0.001 -20"><span class='ocrx_word' id='word_1_204' title='bbox 97 2560 217 2631; x_wconf 91' lang='lat' dir='ltr'>mium;</span> <span class='ocrx_word' id='word_1_205' title='bbox 249 2576 324 2619; x_wconf 92' lang='lat' dir='ltr'>nam</span> <span class='ocrx_word' id='word_1_206' title='bbox 349 2576 453 2639; x_wconf 84' lang='lat' dir='ltr'>agens</span> <span class='ocrx_word' id='word_1_207' title='bbox 478 2560 641 2639; x_wconf 87' lang='lat' dir='ltr'>ejusmodi</span> <span class='ocrx_word' id='word_1_208' title='bbox 669 2578 735 2622; x_wconf 91' lang='lat' dir='ltr'>non</span> <span class='ocrx_word' id='word_1_209' title='bbox 759 2576 795 2620; x_wconf 92' lang='lat' dir='ltr'>se</span> <span class='ocrx_word' id='word_1_210' title='bbox 820 2559 1026 2625; x_wconf 86' lang='lat' dir='ltr'>determinat,</span> <span class='ocrx_word' id='word_1_211' title='bbox 1053 2557 1114 2618; x_wconf 91' lang='lat' dir='ltr'>sed</span> 
     </span>
     <span class='ocr_line' id='line_1_29' title="bbox 97 2637 1116 2716; baseline -0.001 -18"><span class='ocrx_word' id='word_1_212' title='bbox 97 2640 207 2716; x_wconf 89' lang='lat' dir='ltr'>ipsum</span> <span class='ocrx_word' id='word_1_213' title='bbox 228 2637 464 2699; x_wconf 89' lang='lat' dir='ltr'>determinatur</span> <span class='ocrx_word' id='word_1_214' title='bbox 483 2639 525 2699; x_wconf 92' lang='lat' dir='ltr'>ad</span> <span class='ocrx_word' id='word_1_215' title='bbox 543 2658 660 2714; x_wconf 91' lang='lat' dir='ltr'>unum;</span> <span class='ocrx_word' id='word_1_216' title='bbox 684 2639 806 2701; x_wconf 88' lang='lat' dir='ltr'>deinde</span> <span class='ocrx_word' id='word_1_217' title='bbox 823 2645 855 2700; x_wconf 91' lang='lat' dir='ltr'>et</span> <span class='ocrx_word' id='word_1_218' title='bbox 871 2642 1116 2714; x_wconf 85' lang='lat' dir='ltr'>consequenter</span> 
     </span>
     <span class='ocr_line' id='line_1_30' title="bbox 93 2718 1113 2796; baseline -0.002 -17"><span class='ocrx_word' id='word_1_219' title='bbox 93 2720 227 2795; x_wconf 80' lang='lat' dir='ltr'>pullum</span> <span class='ocrx_word' id='word_1_220' title='bbox 246 2718 347 2779; x_wconf 89' lang='lat' dir='ltr'>habet</span> <span class='ocrx_word' id='word_1_221' title='bbox 366 2718 546 2780; x_wconf 89' lang='lat' dir='ltr'>dominium</span> <span class='ocrx_word' id='word_1_222' title='bbox 568 2722 601 2781; x_wconf 91' lang='lat' dir='ltr'>in</span> <span class='ocrx_word' id='word_1_223' title='bbox 626 2737 704 2781; x_wconf 92' lang='lat' dir='ltr'>suos</span> <span class='ocrx_word' id='word_1_224' title='bbox 727 2729 829 2781; x_wconf 86' lang='lat' dir='ltr'>actus.</span> <span class='ocrx_word' id='word_1_225' title='bbox 855 2722 952 2796; x_wconf 76' lang='lat' dir='ltr'>Ergo,</span> <span class='ocrx_word' id='word_1_226' title='bbox 969 2719 1024 2795; x_wconf 94' lang='lat' dir='ltr'>qui</span> <span class='ocrx_word' id='word_1_227' title='bbox 1047 2733 1113 2777; x_wconf 91' lang='lat' dir='ltr'>non</span> 
     </span>
     <span class='ocr_line' id='line_1_31' title="bbox 97 2797 1112 2877; baseline 0 -20"><span class='ocrx_word' id='word_1_228' title='bbox 97 2799 200 2859; x_wconf 85' lang='lat' dir='ltr'>habet</span> <span class='ocrx_word' id='word_1_229' title='bbox 213 2798 395 2858; x_wconf 83' lang='lat' dir='ltr'>libertatem</span> <span class='ocrx_word' id='word_1_230' title='bbox 410 2798 649 2875; x_wconf 82' lang='lat' dir='ltr'>indifferentiae,</span> <span class='ocrx_word' id='word_1_231' title='bbox 666 2802 781 2877; x_wconf 91' lang='lat' dir='ltr'>nequit</span> <span class='ocrx_word' id='word_1_232' title='bbox 795 2801 927 2877; x_wconf 88' lang='lat' dir='ltr'>proprie</span> <span class='ocrx_word' id='word_1_233' title='bbox 944 2803 977 2859; x_wconf 89' lang='lat' dir='ltr'>et</span> <span class='ocrx_word' id='word_1_234' title='bbox 991 2797 1112 2858; x_wconf 87' lang='lat' dir='ltr'>forma-</span> 
     </span>
     <span class='ocr_line' id='line_1_32' title="bbox 99 2876 563 2941; baseline 0.004 -4"><span class='ocrx_word' id='word_1_235' title='bbox 99 2878 174 2938; x_wconf 92' lang='lat' dir='ltr'>liter</span> <span class='ocrx_word' id='word_1_236' title='bbox 187 2878 307 2937; x_wconf 89' lang='lat' dir='ltr'>mereri</span> <span class='ocrx_word' id='word_1_237' title='bbox 322 2878 376 2938; x_wconf 89' lang='lat' dir='ltr'>vel</span> <span class='ocrx_word' id='word_1_238' title='bbox 391 2876 563 2941; x_wconf 87' lang='lat' dir='ltr'>demereri.</span> 
     </span>
    </p>

    <p class='ocr_par' dir='ltr' id='par_1_7' title="bbox 98 2956 1116 3354">
     <span class='ocr_line' id='line_1_33' title="bbox 137 2956 1112 3021; baseline -0.001 -4"><span class='ocrx_word' id='word_1_239' title='bbox 137 2959 169 3017; x_wconf 71' lang='lat'>2‘</span> <span class='ocrx_word' id='word_1_240' title='bbox 186 2957 337 3019; x_wconf 91' lang='lat' dir='ltr'>Meritum</span> <span class='ocrx_word' id='word_1_241' title='bbox 356 2958 409 3018; x_wconf 88' lang='lat' dir='ltr'>vel</span> <span class='ocrx_word' id='word_1_242' title='bbox 432 2957 629 3021; x_wconf 89' lang='lat' dir='ltr'>demeritum</span> <span class='ocrx_word' id='word_1_243' title='bbox 648 2959 682 3019; x_wconf 91' lang='lat' dir='ltr'>in</span> <span class='ocrx_word' id='word_1_244' title='bbox 701 2959 884 3019; x_wconf 87' lang='lat' dir='ltr'>moralitate</span> <span class='ocrx_word' id='word_1_245' title='bbox 905 2963 1037 3018; x_wconf 86' lang='lat' dir='ltr'>actuum</span> <span class='ocrx_word' id='word_1_246' title='bbox 1051 2956 1112 3016; x_wconf 93' lang='lat' dir='ltr'>hu-</span> 
     </span>
     <span class='ocr_line' id='line_1_34' title="bbox 99 3035 1116 3100; baseline 0 -4"><span class='ocrx_word' id='word_1_247' title='bbox 99 3050 274 3096; x_wconf 88' lang='lat' dir='ltr'>manorum</span> <span class='ocrx_word' id='word_1_248' title='bbox 294 3035 466 3099; x_wconf 87' lang='lat' dir='ltr'>evidenter</span> <span class='ocrx_word' id='word_1_249' title='bbox 483 3035 641 3100; x_wconf 86' lang='lat' dir='ltr'>fundatur</span> <span class='ocrx_word' id='word_1_250' title='bbox 663 3058 670 3097; x_wconf 90' lang='lat'>:</span> <span class='ocrx_word' id='word_1_251' title='bbox 692 3054 770 3098; x_wconf 91' lang='lat' dir='ltr'>nam</span> <span class='ocrx_word' id='word_1_252' title='bbox 791 3041 945 3098; x_wconf 91' lang='lat' dir='ltr'>meritum</span> <span class='ocrx_word' id='word_1_253' title='bbox 963 3036 1043 3098; x_wconf 88' lang='lat' dir='ltr'>nihil</span> <span class='ocrx_word' id='word_1_254' title='bbox 1067 3042 1116 3096; x_wconf 87' lang='lat' dir='ltr'>est</span> 
     </span>
     <span class='ocr_line' id='line_1_35' title="bbox 98 3115 1113 3196; baseline -0.002 -19"><span class='ocrx_word' id='word_1_255' title='bbox 98 3115 188 3177; x_wconf 89' lang='lat' dir='ltr'>aliud</span> <span class='ocrx_word' id='word_1_256' title='bbox 208 3131 309 3192; x_wconf 91' lang='lat' dir='ltr'>quam</span> <span class='ocrx_word' id='word_1_257' title='bbox 328 3118 461 3178; x_wconf 82' lang='lat' dir='ltr'>moralis</span> <span class='ocrx_word' id='word_1_258' title='bbox 481 3117 622 3196; x_wconf 82' lang='lat' dir='ltr'>dignitas</span> <span class='ocrx_word' id='word_1_259' title='bbox 642 3119 752 3194; x_wconf 89' lang='lat' dir='ltr'>operis</span> <span class='ocrx_word' id='word_1_260' title='bbox 775 3120 807 3178; x_wconf 92' lang='lat' dir='ltr'>in</span> <span class='ocrx_word' id='word_1_261' title='bbox 827 3117 943 3179; x_wconf 90' lang='lat' dir='ltr'>ordine</span> <span class='ocrx_word' id='word_1_262' title='bbox 968 3117 1113 3193; x_wconf 83' lang='lat' dir='ltr'>adpra-</span> 
     </span>
     <span class='ocr_line' id='line_1_36' title="bbox 98 3191 1115 3274; baseline -0.001 -18"><span class='ocrx_word' id='word_1_263' title='bbox 98 3196 215 3268; x_wconf 92' lang='lat' dir='ltr'>mium;</span> <span class='ocrx_word' id='word_1_264' title='bbox 233 3198 325 3272; x_wconf 83' lang='lat' dir='ltr'>atqui</span> <span class='ocrx_word' id='word_1_265' title='bbox 339 3198 501 3258; x_wconf 86' lang='lat' dir='ltr'>moralitas</span> <span class='ocrx_word' id='word_1_266' title='bbox 516 3198 631 3259; x_wconf 88' lang='lat' dir='ltr'>haberi</span> <span class='ocrx_word' id='word_1_267' title='bbox 644 3198 761 3274; x_wconf 92' lang='lat' dir='ltr'>nequit</span> <span class='ocrx_word' id='word_1_268' title='bbox 774 3198 845 3258; x_wconf 92' lang='lat' dir='ltr'>sine</span> <span class='ocrx_word' id='word_1_269' title='bbox 859 3196 1010 3258; x_wconf 84' lang='lat' dir='ltr'>libertate</span> <span class='ocrx_word' id='word_1_270' title='bbox 1022 3191 1115 3257; x_wconf 84' lang='lat' dir='ltr'>indii-</span> 
     </span>
     <span class='ocr_line' id='line_1_37' title="bbox 98 3273 994 3354; baseline -0.001 -19"><span class='ocrx_word' id='word_1_271' title='bbox 98 3273 256 3344; x_wconf 83' lang='lat' dir='ltr'>ferentiae,</span> <span class='ocrx_word' id='word_1_272' title='bbox 274 3280 312 3336; x_wconf 90' lang='lat' dir='ltr'>ut</span> <span class='ocrx_word' id='word_1_273' title='bbox 326 3280 455 3337; x_wconf 88' lang='lat' dir='ltr'>constat</span> <span class='ocrx_word' id='word_1_274' title='bbox 470 3294 510 3337; x_wconf 88' lang='lat' dir='ltr'>ex</span> <span class='ocrx_word' id='word_1_275' title='bbox 524 3279 596 3354; x_wconf 91' lang='lat' dir='ltr'>ipso</span> <span class='ocrx_word' id='word_1_276' title='bbox 613 3286 777 3354; x_wconf 86' lang='lat' dir='ltr'>conceptu</span> <span class='ocrx_word' id='word_1_277' title='bbox 791 3276 994 3338; x_wconf 89' lang='lat' dir='ltr'>moralitatis.</span> 
     </span>
    </p>

    <p class='ocr_par' dir='ltr' id='par_1_8' title="bbox 100 3352 1113 3593">
     <span class='ocr_line' id='line_1_38' title="bbox 138 3352 1112 3431; baseline -0.003 -15"><span class='ocrx_word' id='word_1_278' title='bbox 138 3356 169 3416; x_wconf 79' lang='grc' dir='ltr'>3ο</span> <span class='ocrx_word' id='word_1_279' title='bbox 186 3356 232 3415; x_wconf 86' lang='lat' dir='ltr'>Ex</span> <span class='ocrx_word' id='word_1_280' title='bbox 252 3370 419 3416; x_wconf 86' lang='lat' dir='ltr'>consensu</span> <span class='ocrx_word' id='word_1_281' title='bbox 438 3358 602 3418; x_wconf 87' lang='lat' dir='ltr'>communi</span> <span class='ocrx_word' id='word_1_282' title='bbox 622 3360 768 3419; x_wconf 92' lang='lat' dir='ltr'>omnium</span> <span class='ocrx_word' id='word_1_283' title='bbox 783 3357 964 3427; x_wconf 86' lang='lat' dir='ltr'>hominum,</span> <span class='ocrx_word' id='word_1_284' title='bbox 989 3352 1045 3431; x_wconf 91' lang='lat' dir='ltr'>qui</span> <span class='ocrx_word' id='word_1_285' title='bbox 1060 3367 1112 3413; x_wconf 86' lang='lat' dir='ltr'>ra-</span> 
     </span>
     <span class='ocr_line' id='line_1_39' title="bbox 101 3434 1113 3515; baseline -0.003 -20"><span class='ocrx_word' id='word_1_286' title='bbox 101 3436 225 3495; x_wconf 86' lang='lat' dir='ltr'>tionem</span> <span class='ocrx_word' id='word_1_287' title='bbox 246 3434 356 3497; x_wconf 92' lang='lat' dir='ltr'>meriti</span> <span class='ocrx_word' id='word_1_288' title='bbox 379 3450 446 3497; x_wconf 91' lang='lat' dir='ltr'>non</span> <span class='ocrx_word' id='word_1_289' title='bbox 470 3443 655 3515; x_wconf 82' lang='lat' dir='ltr'>agnoscunt</span> <span class='ocrx_word' id='word_1_290' title='bbox 674 3440 706 3497; x_wconf 90' lang='lat' dir='ltr'>in</span> <span class='ocrx_word' id='word_1_291' title='bbox 726 3456 765 3500; x_wconf 89' lang='lat' dir='ltr'>eo</span> <span class='ocrx_word' id='word_1_292' title='bbox 790 3438 847 3514; x_wconf 90' lang='lat' dir='ltr'>qui</span> <span class='ocrx_word' id='word_1_293' title='bbox 873 3434 1054 3496; x_wconf 92' lang='lat' dir='ltr'>dominium</span> <span class='ocrx_word' id='word_1_294' title='bbox 1079 3434 1113 3492; x_wconf 91' lang='lat' dir='ltr'>in</span> 
     </span>
     <span class='ocr_line' id='line_1_40' title="bbox 100 3515 958 3593; baseline 0.002 -18"><span class='ocrx_word' id='word_1_295' title='bbox 100 3531 177 3576; x_wconf 89' lang='lat' dir='ltr'>suos</span> <span class='ocrx_word' id='word_1_296' title='bbox 192 3517 286 3576; x_wconf 85' lang='lat' dir='ltr'>actus</span> <span class='ocrx_word' id='word_1_297' title='bbox 301 3529 368 3575; x_wconf 92' lang='lat' dir='ltr'>non</span> <span class='ocrx_word' id='word_1_298' title='bbox 382 3515 531 3586; x_wconf 83' lang='lat' dir='ltr'>haberet,</span> <span class='ocrx_word' id='word_1_299' title='bbox 547 3525 585 3577; x_wconf 86' lang='lat' dir='ltr'>ut</span> <span class='ocrx_word' id='word_1_300' title='bbox 599 3533 713 3580; x_wconf 88' lang='lat' dir='ltr'>omnes</span> <span class='ocrx_word' id='word_1_301' title='bbox 727 3519 845 3578; x_wconf 85' lang='lat' dir='ltr'>sciunt.</span> <span class='ocrx_word' id='word_1_302' title='bbox 862 3517 958 3593; x_wconf 80' lang='lat' dir='ltr'>Ergo</span> 
     </span>
    </p>

    <p class='ocr_par' dir='ltr' id='par_1_9' title="bbox 101 3593 1113 3756">
     <span class='ocr_line' id='line_1_41' title="bbox 139 3593 1113 3664; baseline -0.004 -9"><span class='ocrx_word' id='word_1_303' title='bbox 139 3594 190 3655; x_wconf 88' lang='grc'>45.</span> <span class='ocrx_word' id='word_1_304' title='bbox 206 3628 246 3638; x_wconf 90' lang='grc'>-</span> <span class='ocrx_word' id='word_1_305' title='bbox 262 3595 439 3656; x_wconf 80' lang='lat' dir='ltr'>Srltoliurt.</span> <span class='ocrx_word' id='word_1_306' title='bbox 460 3597 609 3659; x_wconf 92' lang='lat' dir='ltr'>Merltum</span> <span class='ocrx_word' id='word_1_307' title='bbox 628 3612 696 3657; x_wconf 92' lang='lat' dir='ltr'>non</span> <span class='ocrx_word' id='word_1_308' title='bbox 716 3602 765 3657; x_wconf 86' lang='lat' dir='ltr'>est</span> <span class='ocrx_word' id='word_1_309' title='bbox 779 3595 868 3657; x_wconf 89' lang='lat' dir='ltr'>idem</span> <span class='ocrx_word' id='word_1_310' title='bbox 883 3611 921 3655; x_wconf 90' lang='lat' dir='ltr'>ac</span> <span class='ocrx_word' id='word_1_311' title='bbox 935 3593 1113 3664; x_wconf 88' lang='lat' dir='ltr'>moralitas,</span> 
     </span>
     <span class='ocr_line' id='line_1_42' title="bbox 101 3670 1112 3756; baseline -0.002 -21"><span class='ocrx_word' id='word_1_312' title='bbox 101 3688 178 3735; x_wconf 89' lang='lat' dir='ltr'>uam</span> <span class='ocrx_word' id='word_1_313' title='bbox 199 3680 251 3737; x_wconf 87' lang='lat' dir='ltr'>est</span> <span class='ocrx_word' id='word_1_314' title='bbox 271 3679 397 3737; x_wconf 90' lang='lat' dir='ltr'>tantum</span> <span class='ocrx_word' id='word_1_315' title='bbox 415 3675 496 3737; x_wconf 93' lang='lat' dir='ltr'>ordo</span> <span class='ocrx_word' id='word_1_316' title='bbox 516 3682 608 3738; x_wconf 87' lang='lat' dir='ltr'>actus</span> <span class='ocrx_word' id='word_1_317' title='bbox 622 3676 665 3737; x_wconf 91' lang='lat' dir='ltr'>ad</span> <span class='ocrx_word' id='word_1_318' title='bbox 679 3679 846 3756; x_wconf 70' lang='lat' dir='ltr'>praemium</span> <span class='ocrx_word' id='word_1_319' title='bbox 864 3696 871 3737; x_wconf 79' lang='lat' dir='ltr'>t</span> <span class='ocrx_word' id='word_1_320' title='bbox 887 3675 922 3737; x_wconf 91' lang='lat' dir='ltr'>id</span> <span class='ocrx_word' id='word_1_321' title='bbox 937 3674 1027 3753; x_wconf 89' lang='lat' dir='ltr'>quod</span> <span class='ocrx_word' id='word_1_322' title='bbox 1043 3670 1112 3734; x_wconf 84' lang='lat' dir='ltr'>elfi-</span> 
     </span>
    </p>
   </div>
   <div class='ocr_carea' id='block_1_5' title="bbox 0 0 1338 4250">
    <p class='ocr_par' dir='ltr' id='par_1_10' title="bbox 0 0 1338 4250">
     <span class='ocr_line' id='line_1_43' title="bbox 0 0 1338 4250; baseline 0 0"><span class='ocrx_word' id='word_1_323' title='bbox 0 0 1338 4250; x_wconf 95' lang='lat' dir='ltr'> </span> 
     </span>
    </p>
   </div>
  </div>
 </body>
</html>
