2642 4250
435 348 539 391 urmes
560 345 733 392 cenninus.
1052 331 1091 392 43

79 467 131 523 tur
148 481 155 522 :
173 478 200 522 v.
216 478 264 540 g.‚
277 459 410 538 quando
434 461 505 539 quis
527 461 719 540 ignoranter
734 462 813 538 egit.
826 459 911 538 Ergo
925 460 1094 523 moralitas

79 547 112 603 et
125 542 363 618 imputabilitas
377 556 444 602 non
468 545 714 602 convertuntur.

118 621 273 698 Sequitur
296 621 386 698 quod
406 622 574 683 moralitas
594 624 636 682 sit
649 623 822 697 respectus
841 623 933 680 actus
947 621 991 679 od
1009 620 1096 680 ordi·

76 717 152 762 uem
177 705 316 762 rationis
341 706 373 762 et
399 701 633 778 imputabilitas
657 702 703 759 aot
720 700 909 776 subjectum.
937 703 1095 776 tanquam

77 781 120 843 ad
133 797 275 841 causam.
290 782 354 842 Sed
366 781 503 842 ulterius
517 780 700 850 notandum
712 782 773 850 est,
787 778 877 856 quod
889 779 1095 855 imputantur

80 866 204 922 tantum
229 866 323 922 actus
358 877 496 939 quorum
533 876 631 922 causa
657 865 707 920 est
727 859 847 931 libera;
881 875 959 918 nam
987 861 1095 921 solum

79 955 182 1019 agens
207 941 351 1002 liberum
377 944 428 1002 est
454 957 532 1002 vere
556 944 671 1000 auctor
697 945 730 1000 et
756 954 855 998 causa
877 940 1024 1012 actionis,
1056 957 1094 1000 ac

78 1019 218 1098 proinde
250 1023 326 1082 solae
348 1024 494 1083 actiones
518 1021 683 1083 moraliter
707 1019 800 1080 bonae
825 1019 878 1080 vel
902 1020 993 1079 male
1017 1025 1095 1080 sunt

79 1101 302 1174 impotabiles.

118 1182 239 1240 Verum
252 1181 314 1240 etsi
326 1179 501 1241 discrimen
522 1178 707 1256 reperiatur
720 1179 806 1238 inter
820 1176 1041 1238 moralitatem
1062 1183 1096 1239 et

79 1260 376 1336 imputabilitatem‚
389 1263 544 1337 tanquam
557 1260 642 1319 inter
651 1255 788 1318 formale
800 1257 935 1318 actionis
949 1259 1095 1331 moraliS,

79 1345 111 1398 et
151 1340 186 1401 id
216 1339 307 1416 quod
340 1340 424 1400 hano
465 1341 625 1400 rationem
659 1336 833 1397 formalem
876 1338 1029 1414 sequitur
1061 1343 1094 1407 et

78 1421 245 1495 supponit,
269 1426 471 1480 tamencum
493 1420 598 1479 omnis
614 1417 699 1478 actio
721 1416 852 1478 moralis
871 1418 913 1478 sit
928 1417 1043 1491 libera,
1059 1434 1095 1479 ac

77 1499 218 1575 proinde
242 1498 455 1574 imputabilis
480 1497 517 1559 fit
537 1503 574 1559 ut
588 1503 655 1558 haec
674 1496 739 1558 duo
759 1495 793 1554 in
808 1497 938 1557 actione
952 1497 1097 1559 humana

78 1595 211 1654 semper
226 1581 470 1642 consocientur.

115 1659 188 1718 lam
220 1674 298 1719 vero
334 1658 445 1736 plures
478 1661 555 1719 sunt
589 1671 719 1717 errores
755 1657 840 1716 circa
874 1652 1000 1717 iontem
1034 1671 1096 1718 seu

77 1753 268 1813 supremam
282 1739 435 1816 regulam
455 1738 646 1800 moralitatis
665 1756 672 1796 :

119 1820 150 1877 l⁰
189 1819 373 1880 llohhesius
408 1816 450 1897 (l)
479 1833 610 1878 omnem
641 1814 863 1876 moralitatem
904 1831 923 1874 a
963 1814 1095 1893 legibus

77 1897 231 1958 humanis
252 1899 402 1974 pendere
418 1897 612 1967 autumavit;
633 1901 667 1956 et
687 1894 835 1956 nonnulli
850 1893 920 1972 ejus
945 1892 1096 1970 discipuli

78 1979 135 2054 qui
172 1977 380 2039 contendunt
412 1991 604 2053 supremum
626 1975 856 2052 principatum,
889 1989 926 2032 ac
953 1974 1094 2049 proinde

77 2062 278 2133 potestatem
289 2059 507 2136 legislativam
522 2073 595 2118 esse
607 2071 712 2133 penes
728 2053 897 2131 populum,
911 2057 1096 2114 statuerunt

78 2146 324 2216 consequenter
338 2140 422 2199 hanc
443 2138 663 2199 moralitatem
684 2150 751 2195 non
765 2136 897 2210 proprie
917 2134 981 2194 ale
1008 2135 1095 2202 ibus,

77 2218 138 2279 sed
169 2219 278 2294 potius
310 2236 351 2279 ex
379 2218 534 2295 opinione
562 2221 595 2276 et
624 2213 864 2276 consuetudine
896 2152 1095 2289 popufforum

78 2297 229 2359 derivari.
264 2300 334 2359 llaec
373 2296 518 2358 doctrina
557 2296 711 2357 llobhesii
735 2294 855 2354 nostris
890 2294 1096 2369 temporibus

76 2378 178 2455 longe
194 2378 328 2454 lateque
349 2376 452 2447 fluxit,
470 2378 515 2437 ita
535 2381 572 2436 ut
594 2374 694 2437 hodie
714 2376 809 2434 multi
832 2374 931 2433 etiam
946 2374 1096 2435 catholici

75 2458 209 2525 incauti,
233 2458 376 2534 impulsu
399 2472 513 2517 eorum
542 2456 598 2533 qui
623 2460 700 2515 actu
721 2456 920 2531 guberniutn
947 2452 1097 2514 detinent

74 2536 147 2598 iere
169 2540 268 2599 unice
292 2537 394 2603 ducti,
406 2538 556 2599 nesciunt
570 2534 774 2613 distinguere
790 2535 876 2594 inter
890 2532 1095 2610 legalitatem

76 2623 111 2678 et
148 2618 207 2696 J‘us
238 2621 294 2677 aut
323 2618 551 2678 moralitatem.
579 2616 634 2676 llic
667 2632 758 2675 error
782 2611 919 2675 exitialis
950 2617 1001 2675 cst
1028 2628 1095 2674 una

76 2714 117 2758 ex
133 2697 305 2773 praecipuis
327 2697 434 2757 causis
455 2696 737 2774 perturbationum
759 2694 978 2771 politicarum.

87 2790 89 2795 ·
116 2780 149 2837 2⁰
177 2775 372 2837 Puffendorf
395 2776 438 2856 (2)
473 2777 654 2837 bonitatem
685 2774 738 2834 vel
769 2772 926 2833 malitiam
961 2777 1095 2832 actuum

76 2858 298 2919 humanorum
325 2857 422 2917 unice
442 2856 562 2933 repetit
584 2872 625 2917 ex
644 2854 750 2914 libera
776 2853 835 2914 Dei
855 2852 1036 2924 voluntate,
1061 2854 1095 2912 et

74 2939 153 3014 lege
170 2936 278 2997 divina
293 2936 441 3013 positiva.

116 3017 270 3089 3⁰Athei‚
297 3015 520 3086 materialistae,
542 3014 618 3089 post
640 3009 824 3070 Helvetium
849 3014 882 3070 et
896 3010 1094 3072 Robinetum

75 3096 229 3175 regulam
260 3096 450 3156 moralitatis
485 3094 652 3168 reponunt
670 3090 703 3149 in
724 3089 875 3150 instinctu
909 3106 970 3151 seu
1003 3106 1095 3152 seusu
1141 3095 1148 3112 ¹

76 3176 202 3239 ntorolt
221 3176 389 3253 organice.
877 3195 881 3203 ·

115 3257 148 3316 4⁰
186 3255 406 3316 Rationalistae
444 3249 678 3329 quodcumque
711 3247 910 3325 principium
946 3245 1093 3326 dirigens

76 3336 279 3413 objectivum
300 3335 374 3411 plus
396 3333 544 3393 minusve
564 3330 687 3390 directe
706 3328 859 3405 rejicunt‚
883 3331 983 3403 atque
998 3332 1092 3389 auto-

76 3415 221 3475 nomiam
236 3414 370 3475 rationis
391 3413 424 3472 ln
439 3410 554 3474 ordine
575 3408 691 3469 morali
712 3412 869 3469 tuentur:
891 3407 971 3468 ratio
997 3423 1093 3486 erge,

72 3495 166 3573 juxta
181 3497 281 3572 ipsos,
300 3498 350 3554 est
371 3493 468 3553 unica
489 3491 617 3570 regula,
635 3505 706 3566 quae
720 3487 859 3564 proinde
880 3487 1093 3549 nulttnormae

107 3626 143 3689 tl)
157 3624 259 3677 Decire
274 3638 296 3673 c.
313 3623 356 3676 12.

108 3732 142 3795 (2)
156 3732 195 3783 De
205 3732 265 3797 jure
278 3733 332 3780 nat.
347 3733 372 3780 et
386 3732 455 3795 gent.
466 3728 485 3779 l.
501 3743 520 3779 1.
531 3743 554 3777 c.
568 3728 584 3777 5
598 3731 625 3777 et
639 3727 665 3777 t.
