2642 4250
197 281 271 346 '268
513 300 695 346 enarramus
716 301 922 346 enisosonmn

128 460 131 463 ,
246 417 367 470 Tussis,
393 414 440 470 IV.
467 412 608 470 Velitum
627 416 673 468 est
688 414 825 469 aliarum
849 414 995 486 qeutiurn
1013 412 1136 483 perseo-

213 485 295 540 tioni
320 487 349 540 et
365 484 593 556 tranquillitati
613 492 717 554 aperte
732 485 780 540 uel
794 485 943 552 simulate
959 498 1081 539 nocere.
1101 513 1139 524 —-

210 554 242 611 Id
258 555 336 611 enim
355 555 480 612 laederet
495 557 546 626 jus
565 558 682 611 certum
703 556 888 626 singularum
910 553 1067 610 nationum
1082 554 1139 610 sibi

209 625 416 698 prospiciendi.
495 652 496 655 ¹
1120 691 1123 694 ¹
1171 625 1229 680 200

245 697 424 753 Scholiurn.
446 696 666 764 Quodammodo
690 697 779 753 etiam
807 699 950 753 tenentur
977 695 1137 768 gentesad
1317 687 1318 766 Ϊ

211 767 308 824 officia
322 769 434 824 mutuae
447 769 671 825 benevolentiae.
1171 768 1228 821 200
1317 775 1318 788 ¹

443 891 475 941 11.
490 889 579 940 Officia
593 905 625 940 ex
636 889 718 955 pactis
730 889 896 956 emergentia.
913 869 915 874 ¹

244 999 485 1055 Commeroturn.
501 999 573 1069 EJns
584 1000 696 1054 utilitas
710 1001 741 1054 et
754 999 843 1068 leges.
1169 999 1223 1054 201

215 1067 221 1118 ἶ
246 1067 387 1125 Foedera.
403 1072 522 1126 Tussis.
540 1070 671 1125 Foedera
690 1085 756 1125 uon
775 1070 871 1124 nisio
891 1068 1051 1140 supremis
1070 1068 1134 1132 irn-
1205 1117 1208 1122 .

207 1141 406 1211 perentibus,
429 1142 496 1196 siue
512 1156 621 1212 perse
640 1142 732 1211 ipsos,
745 1140 811 1194 siue
825 1155 883 1210 per
904 1140 1029 1213 leqatos,
1048 1141 1133 1197 iniri

207 1214 353 1280 possunt.
379 1241 414 1254 -
437 1216 518 1268 Tunc
541 1213 619 1268 enim
633 1215 736 1283 partes
752 1212 962 1266 contrahentes
972 1213 1047 1266 'sunt
1061 1213 1134 1282 ipsae

209 1282 375 1349 societates
389 1297 515 1354 quarum
531 1283 611 1338 vices
625 1283 703 1353 gerit
714 1283 794 1337 solus
805 1296 960 1352 supremus
971 1283 1132 1355 imperans.
1168 1319 1188 1328 ··

209 1353 396 1409 conditiones
411 1353 557 1410 foederum
571 1367 735 1422 eorumque
749 1354 866 1409 solutio.
1168 1343 1225 1410 202

245 1423 438 1495 Leqationes.
465 1427 577 1480 Natura
599 1423 755 1494 legationis
780 1428 810 1478 et
834 1423 930 1479 officia
953 1425 1131 1496 legatorum.
1196 1489 1200 1494 .

209 1494 367 1567 Quousque
381 1509 414 1551 se
428 1494 569 1551 extendat
582 1494 955 1551 eonominviolabilitas.-
1044 1529 1046 1534 -
1168 1495 1225 1552 2013

210 1642 213 1647 »
243 1619 261 1682 fi
279 1617 311 1671 11.
327 1618 368 1671 De
381 1616 492 1672 mutuis
507 1615 789 1742 nationuqieq'luribus
808 1617 838 1671 et
856 1615 961 1672 officiis
980 1618 1115 1687 tempore

251 1717 253 1723 ,
692 1703 712 1742 1,
956 1733 962 1739 ¹
1008 1714 1037 1722 ..
1073 1715 1077 1723 ,

242 1810 396 1880 Definitio
416 1810 500 1867 belli.
520 1813 630 1879 Tussis
643 1815 664 1867 Ι.
679 1811 739 1867 Jus
759 1811 833 1867 belli
848 1811 1035 1868 nationibus
1050 1827 1133 1867 corn·

104 1865 107 1874 ’
204 1883 296 1954 petit.
317 1881 432 1938 Etenim
454 1882 629 1953 quandoque
652 1884 699 1938 est
713 1883 833 1938 unicum
847 1882 977 1938 medium
993 1883 1132 1939 servandi

207 1955 259 2008 aut
277 1952 472 2023 recuperandi
483 1954 553 2024 jura
567 1954 735 2008 essentialia
748 1953 873 2024 alicujus
887 1954 1047 2010 societatis.
1166 1956 1224 2010 20l

241 2026 353 2080 Tnns1s
379 2026 411 2081 Η.
443 2024 483 2080 Ut
512 2022 629 2079 bellum
657 2025 700 2078 sil
729 2024 920 2096 teqitirnurn,
953 2024 1132 2096 requiritur

207 2110 302 2152 causa
316 2094 404 2166 justa
424 2097 454 2151 et
477 2095 645 2154 necessitas
672 2095 802 2167 proprie
832 2095 927 2151 clieta.
955 2126 991 2136 -
1019 2095 1131 2151 Prima

207 2174 279 2238 pare
301 2168 382 2222 :Tot
406 2168 437 2221 et
459 2170 558 2222 tantas
580 2167 761 2222 calamitates
790 2166 902 2221 inferre
921 2166 1032 2222 nomini
1060 2167 1131 2223 licet
1165 2221 1173 2228 .

206 2238 277 2309 quin
296 2251 384 2293 causa
408 2238 446 2292 sit
466 2238 549 2309 justa
576 2240 607 2293 et
625 2238 810 2307 gravissima.
840 2237 990 2293 Secunda
1018 2252 1092 2313 pars
1120 2257 1129 2291 .·

205 2308 345 2381 Remedio
359 2307 445 2378 valde
461 2308 628 2379 periculoso
643 2324 730 2364 nemo
744 2309 824 2364 licite
839 2310 934 2364 utitur
954 2309 1018 2364 sine
1032 2310 1131 2380 aliqua
1167 2305 1187 2354 .'

205 2380 390 2436 necessitate.
1165 2381 1223 2436 205

239 2450 460 2508 Corollariurn.
476 2451 640 2506 Declaratio
659 2451 729 2506 belli
743 2452 790 2507 est
805 2451 971 2507 necessaria
992 2452 1061 2506 ante
1076 2450 1131 2506 ini-

205 2520 279 2576 tium
294 2521 500 2578 hostilitatum.
1163 2522 1221 2577 wo

240 2593 348 2647 Tussis
362 2592 405 2647 111.
427 2590 580 2662 Supremo·
595 2590 789 2661 imperantes
809 2591 927 2649 bellurn
946 2607 1052 2663 qcrere
1070 2606 1130 2649 ne·
1187 2616 1191 2625 ·

205 2664 327 2733 queunt
353 2662 421 2718 nisi
449 2678 523 2721 cum
552 2661 731 2717 intentione
754 2664 855 2733 pacis.
879 2694 916 2703 -
944 2662 1022 2719 Ordo
1049 2663 1129 2718 enim
1187 2727 1190 2735 Δ

204 2735 305 2788 rectus
322 2748 357 2788 ac
375 2734 516 2789 normalis
529 2733 691 2788 nationum
701 2736 746 2789 est
762 2736 858 2790 status
872 2735 952 2805 pacis
967 2736 998 2791 et
1016 2737 1128 2791 mutuae
1178 2795 1181 2805 ,

203 2803 427 2861 benevolentiae.
1163 2802 1218 2861 206

240 2876 349 2930 Tussis
362 2878 408 2931 IV.
430 2874 557 2931 Bellum
576 2877 717 2946 qerentes
737 2878 902 2947 nequeunt
947 2875 996 2933 tus
1016 2874 1128 2931 darnui

204 2944 323 3020 inferre
338 2961 434 3016 quarn
450 2960 573 3001 necesse
587 2946 630 3001 sit
643 2947 684 3001 aot
700 2946 797 3027 finem
813 2946 887 3002 belli
903 2892 1126 3003 oglinenolurn.
1158 3014 1160 3021 y

203 3046 239 3056 -
252 3014 396 3072 Damnum
410 3018 490 3073 enim
512 3017 627 3076 illatum
651 3017 768 3072 nonmsi
792 3032 829 3073 ex
853 3019 917 3087 ipsa
941 3017 1127 3074 necessitatis
1188 3053 1192 3058 -

203 3086 269 3157 lege
282 3088 419 3143 excusari
432 3090 541 3158 potest.
1162 3092 1218 3145 206

236 3158 418 3215 Corollaria.
434 3161 512 3228 Ergo
526 3157 739 3230 compescenda
754 3160 800 3213 est
814 3158 932 3215 licentia
946 3159 1128 3228 militum‚et
1196 3228 1199 3233 Ι

200 3229 287 3299 parta
306 3230 440 3298 victoria,
453 3233 550 3285 cessat
568 3227 664 3285 omnis
678 3229 828 3285 violentiae
846 3229 982 3287 facultas.
1161 3230 1215 3286 aot

557 3466 631 3512 meus
655 3467 773 3513 tunicis.
