2642 4250
571 220 685 264 sruicn.
1112 199 1132 258 3

159 339 379 400 Particularis
392 353 452 398 seu
466 335 621 413 specifica
641 339 692 396 est
710 335 783 395 haec.
795 351 874 411 pars
894 351 964 412 quae
982 337 1134 399 homines

116 421 276 496 peculiari
292 417 470 478 conditioni
483 419 630 488 devotos,
648 419 705 476 aut
717 431 783 492 prae
798 413 904 492 aliqua
918 417 1076 480 relatione
1091 418 1135 479 ad

117 501 261 560 alterum
277 498 513 565 consideratos,
529 496 571 557 ad
589 512 627 556 ea
643 497 753 555 omnia
773 511 843 572 quae
860 496 945 556 illius
960 502 1065 558 status
1079 505 1136 560 aut

116 578 291 640 relationis
306 579 427 640 decent
439 573 678 655 perfectionem
690 575 809 652 dirigit.
828 577 941 653 ltaque
956 579 1136 653 prasertim

120 666 156 720 et
170 657 294 718 directe
311 656 439 718 ordinat
452 659 586 716 invicem
602 659 747 717 actiones
762 657 933 716 humanas

162 739 340 814 Propterea
359 753 504 813 praesens
522 740 635 796 nostra
661 737 808 795 tractatio
828 736 860 793 in
877 735 1044 811 duplicem
1063 736 1142 816 par·

120 825 189 879 tem
225 818 439 890 distribuitur,
475 815 599 876 scilicet
632 815 666 875 in
699 814 844 875 Ethicam
876 817 1063 889 pecoralem
1103 825 1137 880 et

125 898 313 974 specialem.

163 977 191 1053 c)
215 979 263 1036 Ah
288 977 351 1036 hac
378 973 537 1036 divisione
560 990 628 1034 non
650 973 746 1035 valde
771 972 897 1035 abludit
924 976 1037 1047 altera,
1058 993 1136 1054 quae

123 1056 213 1132 apud
223 1056 436 1116 scholasticos
452 1059 522 1114 erat
536 1054 770 1133 vulgatissima,
787 1058 887 1132 atque
900 1054 934 1113 in
948 1057 1059 1116 llthica
1075 1057 1137 1118 dis·

126 1137 301 1214 tinguebat
325 1140 391 1195 tres
416 1139 538 1210 parles,
562 1137 836 1203 evacuationum,
863 1151 933 1210 quae
953 1136 1140 1200 considerat

123 1217 334 1292 operationes
346 1215 608 1292 uniuscujusque
623 1214 764 1275 hominis
775 1213 940 1275 ordinatas
951 1215 994 1276 ad
1019 1215 1133 1291 finem,

123 1297 410 1364 aeconomum,
434 1310 504 1370 quae
525 1292 710 1354 considerat
730 1293 937 1371 operationes
955 1297 1137 1358 multitudi-

125 1375 176 1435 nis
194 1376 390 1441 domestica,
409 1379 441 1432 et
456 1375 486 1432 3⁰
497 1374 679 1448 politicum,
698 1390 767 1449 quae
782 1379 932 1433 versatur
953 1379 1038 1436 circa
1056 1395 1137 1456 ope-

124 1457 270 1515 rationes
296 1452 513 1513 multitudinis
548 1451 658 1513 civilis.
690 1453 865 1513 Monastica
893 1454 983 1514 idem
1017 1461 1067 1518 esi
1101 1475 1139 1519 ac

126 1536 304 1614 generalis
333 1541 365 1593 et
389 1534 627 1592 oeconomicam
650 1549 688 1592 ac
719 1532 885 1608 politicam
915 1537 1143 1612 complectitur

125 1613 342 1693 particularis.

169 1695 202 1772 d)
224 1692 376 1754 Nonnulli
401 1689 589 1768 philosophi
610 1691 770 1750 moralem
795 1690 973 1752 humanam
997 1695 1031 1757 in
1053 1699 1142 1758 Ethi-

128 1791 201 1835 cutn
217 1774 348 1850 proprie
366 1771 485 1832 dictam
501 1776 534 1830 et
547 1774 606 1830 lus
620 1776 746 1830 notura>
760 1774 961 1846 partiuntur3
979 1777 1088 1838 athaec
1102 1779 1147 1840 di-

126 1856 210 1914 visio
228 1857 260 1913 in
276 1869 391 1913 eorum
405 1855 519 1910 mente
534 1865 600 1910 non
616 1855 667 1910 est
682 1849 810 1910 diversa
826 1853 864 1911 ab
876 1853 929 1912 illa
946 1871 1057 1930 quam,
1074 1864 1149 1934 post

128 1938 274 2004 veteres,
291 1933 467 2002 attulimus
482 1930 625 2007 ideoque.
642 1933 674 1988 in
689 1946 789 2006 pravo
806 1946 908 1991 sensu
917 1935 1146 1999 'Rationalista-

129 2030 206 2073 runi
231 2028 297 2072 non
324 2012 424 2072 debet
453 2011 549 2070 sumi.
579 2011 792 2070 Recentiores
822 2012 910 2070 enim
934 2015 1150 2080 Rationalistae

128 2091 278 2154 unanimi
293 2089 365 2151 fere
382 2105 546 2152 consensu
563 2088 806 2150 distinctionem
821 2092 949 2153 illocalis
964 2111 982 2154 a
995 2097 1073 2158 lure
1087 2115 1147 2177 ge-

127 2175 272 2234 neratim
285 2172 445 2249 inspecto,
462 2185 527 2229 non
543 2169 641 2231 modo
658 2172 797 2229 nimium
814 2174 1020 2249 amplificant,
1042 2179 1151 2239 sedin

128 2254 266 2330 plenam
276 2248 520 2327 separationem
532 2254 565 2309 et
579 2248 874 2326 independentiam
891 2262 1084 2317 convertere
1100 2276 1151 2319 sa-

129 2338 260 2410 tagunt.
281 2332 403 2396 Ethica.
417 2331 512 2408 juxta
526 2328 628 2405 ipsos,
649 2331 797 2390 actiones
812 2331 970 2406 internas,
988 2352 1058 2412 quae
1076 2355 1152 2400 con-

130 2414 281 2473 scientiae
297 2411 422 2471 ambitu
437 2414 561 2469 tantum
578 2410 794 2479 continentur,
808 2413 904 2471 unice
915 2420 1058 2491 regeret,
1073 2418 1153 2479 dum

127 2493 186 2573 jus
201 2491 412 2569 operationes
428 2494 583 2551 externas
599 2491 717 2565 quaein
732 2492 854 2551 mutuis
872 2492 1042 2555 hominum
1064 2500 1149 2559 rela-

132 2572 477 2641 tionibusversantur,
495 2568 538 2629 ad
552 2570 711 2644 aequitatis
733 2585 879 2630 normam
901 2575 1066 2639 exclusive
1082 2581 1150 2640 exi-

134 2656 243 2732 geret,
261 2653 294 2710 et
309 2650 443 2727 quidem
454 2650 549 2728 juxta
563 2649 697 2727 regulas
710 2649 876 2725 principiis
890 2653 1006 2715 Ethicae
1019 2657 1152 2721 minime

135 2733 326 2793 obnoxias:
349 2732 424 2791 hinc
444 2732 500 2808 jus
522 2728 702 2789 universim
725 2734 892 2807 sumptum
914 2733 1019 2795 ordini
1037 2742 1152 2800 morali

134 2814 269 2889 penitus
284 2810 542 2871 subtraheretur.

178 2893 299 2951 Verum
325 2891 355 2952 l⁰
378 2891 418 2951 ab
442 2890 553 2949 Ethica
578 2892 667 2947 certo
692 2904 760 2949 non
784 2892 895 2965 potest
916 2899 1061 2969 separari
1083 2900 1153 2968 lus,

137 2986 352 3049 quocumque
366 2968 465 3029 modo
486 2972 687 3044 spectatum;
709 2970 879 3046 utriusque
901 2976 989 3033 enim
1008 2974 1151 3055 discipli·
1215 3004 1240 3024 ··
1272 3031 1276 3039 .

136 3068 185 3113 nae
202 3050 291 3111 ldem
307 3055 357 3109 est
372 3050 539 3127 objectum
554 3048 737 3120 materiale,
754 3052 847 3109 actus
866 3052 999 3116 humani
1017 3056 1152 3131 scilicet,

139 3130 278 3192 elidem
294 3129 460 3207 objectum
475 3127 624 3200 formale,
641 3128 704 3187 hoc
720 3135 779 3200 est,
803 3128 938 3192 directio
959 3140 1093 3197 actuum
1112 3140 1155 3200 ad
1186 3175 1189 3178 -

140 3210 290 3272 debitum
303 3207 414 3283 finem,
433 3208 618 3268 secundum
632 3208 792 3286 aequitatis
806 3227 965 3274 normam.
1069 3261 1071 3264 ,
1225 3255 1237 3287 3

180 3289 247 3351 Sed
271 3290 303 3349 2⁰
327 3288 429 3349 arnbae
459 3286 651 3363 disciplinae,
682 3289 830 3349 methodi
859 3308 968 3367 causa,
1000 3292 1157 3376 distingui
1235 3303 1237 3307 ’

139 3373 282 3448 possunt
300 3386 306 3427 :
325 3368 492 3445 objectum
506 3366 676 3427 materiale
690 3372 859 3444 proprium
875 3376 908 3431 et
918 3372 1078 3436 directum
1091 3380 1157 3441 Μο-

140 3450 231 3522 relic,
248 3448 428 3509 universim
442 3451 588 3524 sumpte,
605 3452 682 3507 sunt
696 3452 789 3507 actus
802 3451 930 3522 interni,
949 3452 1027 3514 dum
1043 3458 1155 3538 ohjec-

142 3534 215 3591 turn
238 3528 410 3589 materiale
433 3528 602 3604 proprium
626 3531 659 3587 et
684 3526 845 3588 directum
869 3532 962 3603 luris,
988 3534 1157 3615 adaequate

141 3611 295 3689 spectati,
311 3612 388 3669 sunt
407 3614 498 3669 actus
519 3608 656 3667 externi.
672 3640 711 3649 —
724 3607 883 3669 Praeterea
898 3612 1067 3692 objectum
1089 3618 1155 3680 ior-
