2642 4250
201 260 258 322 136
511 277 692 322 enarrantur
709 276 910 322 rnrtosorma

200 395 387 532 meptorpm
402 390 437 453 in
451 390 595 452 mediata
620 395 652 452 el
676 391 877 465 immediata,
903 409 964 455 seu
986 395 1019 454 in
1042 394 1220 460 individua

205 479 239 535 et
267 489 328 533 amr
344 489 402 532 ias.

1292 163 1296 245 Ι

1295 265 1297 341 t

1296 367 1298 443 t

1297 469 1299 539 l

242 553 414 614 Probatur.
438 550 595 619 Societas,
613 555 748 627 quaest
764 555 1052 627 personamoralis
1078 559 1133 616 aut
1155 555 1218 634 ju·
1298 572 1300 597 ¹

204 631 317 703 ridica,
330 631 515 692 necessario
532 631 686 706 importat
699 632 858 692 unitatem
874 639 906 694 et
919 633 1197 711 multiplicitatem
1210 653 1217 692 :
1299 674 1301 689 .

203 713 326 775 etenim
345 712 416 772 sinc
440 711 566 772 unitate
594 709 664 787 jam
687 712 834 771 membra
850 717 962 773 essent
977 713 1123 789 disjecta,
1144 728 1221 776 non
1299 728 1302 793 ‘¹

203 797 315 854 autem
331 792 495 850 elementa
511 789 660 864 ordinata
674 807 712 850 ac
728 793 879 867 copulata
894 808 954 853 seu
968 795 1122 867 societas;
1140 793 1221 855 sine

204 872 425 942 multitudine,
455 886 516 929 seu
544 869 681 931 diversis
705 872 811 943 sociis,
834 871 1005 934 manifesto
1031 888 1096 934 non
1126 871 1222 935 foret
1301 878 1303 903 ¹

205 951 357 1020 societas
375 947 539 1026 siquidem
555 949 682 1028 absque
694 950 931 1028 multiplicitate
946 967 1012 1012 non
1039 951 1134 1013 datur
1148 953 1220 1015 col·
1302 978 1304 1003 ι

203 1033 313 1093 lectio.
332 1029 442 1106 Atqui,
459 1030 485 1088 si
499 1032 609 1091 unitas
624 1044 689 1089 non
706 1036 794 1090 esset
808 1032 915 1105 realis,
932 1048 992 1094 seu
1006 1030 1039 1090 in
1053 1033 1219 1110 principio
1303 1080 1305 1099 ,

206 1111 286 1172 reali
302 1115 335 1172 et
353 1113 507 1170 concreto
532 1125 600 1169 non
623 1106 831 1180 fundaretur,
856 1114 927 1188 ipsa
951 1115 1093 1174 societas
1115 1112 1220 1173 realis
1303 1120 1304 1139 ¹

205 1197 238 1254 et
253 1194 404 1251 concreta
415 1186 588 1260 nonforet,
601 1188 661 1249 sed
677 1190 839 1252 abstracta
853 1207 914 1251 seu
925 1192 1086 1268 possibilis
1100 1208 1219 1252 rema·
1304 1182 1306 1202 '

207 1277 302 1333 neret
331 1289 338 1329 :
369 1269 439 1329 sine
470 1267 599 1328 vinculo
628 1269 707 1328 reali
735 1285 773 1329 ac
801 1271 938 1350 physico
966 1276 1078 1348 partes
1106 1273 1223 1335 soluta
1305 1284 1307 1333 t

208 1351 404 1429 perstarent.
430 1349 514 1426 Ergo
540 1347 611 1408 sine
639 1347 845 1411 multitudine
875 1355 908 1411 et
931 1352 1137 1426 auctoritate,
1167 1368 1222 1412 so·
1306 1386 1308 1443 3

210 1431 312 1492 cietas
327 1443 390 1489 nec
407 1443 480 1488 esse
496 1444 557 1487 nec
574 1428 702 1504 concipi
717 1434 835 1503 potest.

245 1510 315 1571 247.
333 1541 370 1551 υ
388 1507 566 1567 Sotiatium.
584 1505 781 1585 Principium
796 1511 929 1570 unitatis
943 1509 1128 1588 generatim
1152 1507 1222 1568 ins-

208 1593 340 1667 pectum
359 1587 476 1648 dicitur
490 1588 677 1655 auctoritas,
694 1603 763 1664 quas
777 1588 809 1648 in
826 1605 862 1649 se
879 1592 912 1647 et
935 1590 1099 1650 abstracte
1125 1582 1230 1666 spec·¹
1308 1590 1310 1601 '

207 1674 274 1730 tata
289 1669 489 1743 estquidam
504 1667 693 1740 compleras
700 1669 840 1743 y‘uriuru.
858 1667 1001 1728 Persona
1016 1670 1155 1748 physica
1167 1672 1225 1729 aut
1309 1692 1311 1707 =

208 1748 340 1811 moralis
357 1762 426 1824 quae
445 1747 535 1807 hisce
556 1747 686 1825 Juribus
710 1747 822 1823 utitur,
846 1749 1023 1824 sua'eaum
1047 1749 1224 1826 potestatis
1310 1798 1312 1811 ι

209 1826 403 1905 appellatur.

208 1951 278 2013 uta.
293 1950 447 2009 -ansis
463 1947 499 2006 ll.
522 1949 661 2008 Potestas
670 1945 807 2022 politica
821 1950 863 2009 aot
882 1914 1055 2023 proprium
1078 1963 1222 2010 commo·
1311 1936 1314 2003 '.

250 2033 328 2092 duur
341 2026 478 2102 subfectt‘
488 2027 587 2102 liujus
597 2029 763 2101 potestatis
788 2043 851 2087 aaa
878 2032 1007 2102 spectat,
1031 2030 1089 2090 sed
1104 2030 1227 2090 directe

250 2111 295 2172 ud
314 2109 518 2170 commodum
532 2106 628 2167 totius
643 2108 881 2169 communitatis
896 2109 1077 2169 ordinatur.

249 2226 342 2287 Nota.
360 2224 431 2283 llaec
448 2222 560 2290 thesis,
585 2222 644 2283 etsi
671 2222 705 2281 in
729 2238 766 2282 se
790 2222 833 2283 sit
856 2221 926 2283 iere
950 2222 1097 2295 evidens
1123 2222 1226 2285 debet

211 2312 323 2369 tamen
339 2302 480 2379 probari,
497 2306 633 2377 propter
656 2302 769 2377 plures
791 2303 988 2380 negationes
1011 2308 1077 2364 tam
1101 2320 1224 2381 specu-

209 2384 324 2447 lativas
341 2397 441 2459 quam
454 2384 629 2456 practicus.

253 2464 427 2524 Probatur.
450 2463 479 2522 10
501 2461 648 2521 Potestas
674 2465 725 2521 est
748 2460 943 2537 principium
967 2479 1032 2540 quo
1057 2462 1143 2524 vires
1170 2480 1225 2524 so-

210 2543 310 2605 ciales
337 2544 381 2603 ita
410 2544 496 2603 inter
511 2554 547 2599 se
584 2545 779 2617 coaptantur
807 2548 843 2600 ut
859 2541 983 2602 bonurn
1009 2556 1184 2602 commune
1206 2558 1228 2603 a

212 2621 422 2683 multitudine
451 2618 567 2697 attingi
595 2622 699 2696 possit
730 2640 737 2681 :
767 2620 836 2681 aliis
863 2621 984 2696 veririS,
1015 2628 1064 2682 est
1091 2622 1125 2683 id
1159 2639 1226 2700 quo

213 2703 316 2764 multa
331 2702 477 2762 membra
493 2699 624 2760 realiter
639 2706 673 2760 et
687 2698 862 2760 efficaciter
870 2716 972 2761 unum
989 2701 1068 2778 quid
1081 2700 1230 2763 efficiunt

213 2780 330 2843 intuitu
344 2779 417 2842 finis
433 2779 560 2840 socialis
576 2778 787 2857 assequendi.

253 2862 352 2937 Atqui
378 2859 451 2921 finis
483 2859 623 2934 socialis,
654 2875 715 2920 sau
742 2860 866 2919 bonum
894 2874 1082 2933 commune,
1112 2865 1163 2922 est
1190 2860 1227 2921 id

215 2939 310 3020 cujus
335 2940 499 3017 particeps
526 2936 609 2999 effici
633 2938 735 3000 debet
755 2938 825 3015 ipsa
850 2937 1024 2999 multitudo
1051 2943 1225 3017 associata,

212 3020 247 3083 id
264 3024 314 3080 est
328 3018 557 3089 communitas,
574 3034 634 3078 seu
650 3034 767 3079 omnes
783 3022 816 3077 et
832 3018 963 3097 singuli,

254 3101 339 3177 Ergo
355 3114 422 3158 non
437 3103 572 3172 propter
587 3114 636 3170 se,
658 3097 719 3157 sed
742 3100 878 3174 propter
900 3099 992 3168 alios
1020 3098 1230 3161 constituitur

214 3182 364 3257 potestas
380 3177 521 3254 politica.

255 3260 288 3320 2⁰
303 3257 393 3320 Ratio
410 3254 570 3317 existendi
586 3254 754 3317 societatis
770 3254 870 3315 civilis
890 3259 941 3316 est
965 3253 1107 3332 adeptio,
1131 3258 1228 3336 juxta

214 3338 246 3397 le
273 3354 308 3399 es
323 3334 524 3404 moralitatis,
547 3334 711 3395 bonorum
733 3339 945 3396 externorum
969 3336 1068 3412 (243),
1090 3336 1226 3413 adquae

215 3355 281 3478 soffia
298 3415 420 3477 familia
435 3416 497 3475 sibi
511 3415 625 3475 relicta
641 3418 831 3493 pertingere
847 3431 913 3476 non
928 3416 1069 3489 valeret3
1085 3415 1146 3475 sed
1159 3431 1225 3492 po-

216 3500 316 3557 testas
332 3500 382 3555 est.
396 3495 542 3556 medium
558 3492 675 3554 efficax
689 3493 905 3569 perveniendi
920 3493 963 3554 ad
977 3498 1227 3572 possessionem

214 3576 293 3637 boni
308 3577 500 3635 communis.
516 3574 600 3652 Ergo
616 3578 764 3651 potestas
779 3590 848 3635 non
862 3571 905 3634 ad
928 3589 976 3647 se,
992 3572 1054 3636 sed
1077 3574 1120 3637 ad
1144 3574 1228 3637 alios

217 3655 396 3731 ordinatur,
412 3671 473 3717 seu
488 3654 584 3716 unice
599 3654 762 3716 rationem
777 3653 879 3717 medii
891 3654 1006 3734 habet,
