2642 4250
462 290 564 332 urmes
586 286 742 334 senonis,
1069 272 1109 334 77
1137 287 1141 294 ’

84 393 129 450 lio
154 398 365 466 ceterorum3
390 396 480 470 atqui
500 391 605 454 oilieia
628 397 774 455 omnium
790 398 892 472 prima
908 402 984 457 sunt
1004 395 1110 460 oflieia

82 473 270 552 religionis,
295 475 390 552 Ergo.
794 487 801 498 ⁴

126 553 303 613 Probatur.
325 556 356 614 2⁰
375 554 495 614 Natura
514 555 679 614 rationalis
701 571 799 616 suum
818 555 915 616 finem
941 559 1109 635 prosequi·

83 639 139 692 lur
165 633 397 712 cognoscendo
422 641 454 694 et
477 633 655 712 diligendo,
679 651 777 696 secus
800 638 946 712 operalio
970 654 1036 697 non
1059 655 1109 699 es·

84 717 139 773 sel
165 718 389 774 eonsenlanea
415 717 536 774 nature
562 717 739 790 operantis,
764 733 802 776 ac
827 717 966 792 proinde
996 722 1109 780 contra

85 791 241 853 ordinem
262 792 420 869 prodiret.
440 795 524 871 Ergo
545 796 686 870 cognilio
711 796 781 866 Dei,
804 797 907 857 ultimi
928 794 1011 870 finis,
1031 797 1108 876 Jure

85 877 213 934 naturae
234 874 451 950 prescribitur
473 879 509 934 ut
530 871 670 935 officium
693 873 948 938 hindamerrtale.

89 997 159 1057 ile.
189 1031 223 1040 ω
245 998 352 1058 Tnnsrs
375 999 423 1057 lll.
448 1001 545 1058 lotor
567 1001 637 1066 Dei,
663 1003 821 1074 tauquam
843 1000 960 1076 objecti
985 1018 1108 1063 suntme

130 1077 217 1146 otini,
236 1084 300 1151 esta
311 1094 370 1136 ure
384 1081 509 1137 tratura
521 1079 738 1154 prescriptos

128 1193 200 1251 lam
222 1192 360 1251 resullai
383 1208 421 1251 ex
445 1191 549 1262 dietis,
572 1191 633 1251 sed

128 1272 304 1331 Probatur.
338 1272 428 1331 Ralio
456 1273 611 1348 naturalis
636 1271 731 1332 farile
759 1273 876 1348 probat
902 1274 1007 1334 Deum
1033 1291 1107 1336 esse

86 1355 210 1411 bouum
242 1351 296 1411 vel
327 1352 478 1412 alisolule
510 1354 543 1410 in
574 1367 622 1424 se,
656 1350 709 1412 vel
739 1355 873 1413 relative
905 1353 1020 1432 quiadl
1045 1371 1107 1416 nos

86 1429 136 1508 (il,
161 1427 246 1508 395),
270 1430 414 1507 ideoque
441 1446 566 1491 summe
594 1433 764 1491 amabilem
795 1439 826 1493 ei
851 1431 977 1493 fontem
1000 1435 1107 1514 qu‘us·

89 1527 231 1588 rumque
256 1511 464 1572 amabilitatis
493 1515 618 1570 creat-e.
647 1513 744 1588 Atqui
771 1511 851 1572 ordo
881 1518 1002 1575 naiurae
1028 1532 1105 1591 pos-

90 1591 131 1648 ril
161 1596 198 1650 ul
227 1591 379 1651 voluntas
407 1606 442 1650 se
471 1595 639 1650 convertat
672 1591 715 1651 ad
740 1592 820 1652 illud
846 1592 982 1665 bonum,
1018 1595 1107 1672 quod

89 1671 257 1729 uralione
279 1670 473 1746 proponitur
502 1675 539 1729 ut
569 1671 742 1730 maximum
771 1677 804 1732 et
835 1669 908 1731 fons
935 1674 1108 1750 primarius

90 1749 130 1810 :id
155 1767 253 1827 (luem
281 1753 456 1812 revocatur
475 1750 626 1826 quolibet
646 1751 787 1812 bonitas,
819 1754 902 1829 Ergo
932 1771 1022 1814 amor
1048 1753 1109 1816 Dei

85 1832 160 1908 jure
184 1834 311 1891 naturae
335 1829 562 1906 prescribitur.

515 1954 561 2010 De
582 1949 680 2010 cultu.

132 2066 200 2127 143.
232 2100 269 2107 -
298 2065 420 2138 Cultus,
444 2065 500 2143 qui
530 2066 624 2144 juxta
652 2071 796 2146 etymon,
830 2083 849 2128 a
876 2067 975 2129 verbo
1004 2069 1108 2130 colere

88 2150 188 2217 venit,
215 2149 398 2225 generalior
426 2152 476 2206 est
496 2146 600 2207 bonor
621 2164 694 2207 otum
721 2150 864 2223 quodum
885 2150 1104 2212 sttbmt'ssioue

90 2229 204 2303 ltaque
237 2228 343 2287 cultus
375 2226 502 2286 divinus
535 2232 585 2287 esi
612 2234 704 2287 aetus
737 2246 799 2304 quo
832 2228 999 2289 reddimus
1022 2247 1107 2290 sum-

87 2323 176 2365 mum
200 2324 297 2383 quem
321 2309 388 2367 beo
412 2305 573 2366 debemus
595 2307 764 2367 honorem.
790 2308 927 2381 Quando
950 2326 1104 2370 reveren-

89 2388 163 2446 liam
198 2392 231 2447 et
259 2387 454 2463 obsequium
484 2388 609 2447 actibus
640 2388 777 2447 internis
805 2389 872 2448 Deo
901 2390 1104 2464 exhibemus,

88 2468 196 2528 rullus
219 2466 337 2528 dieitur
358 2468 520 2536 internus3
545 2466 573 2527 si
595 2468 702 2527 cultus
724 2470 872 2528 internus
895 2469 1105 2529 sensibilibus

88 2548 191 2624 signis
224 2545 424 2623 exprmilur,
452 2551 485 2605 ei
510 2545 749 2619 manifestatur,
778 2548 882 2608 cultus
913 2552 973 2610 erit
1000 2553 1105 2610 exter-

90 2642 151 2689 nus
174 2626 267 2688 1139.

127 2678 229 2767 Aoius
245 2624 284 2765 >in
307 2705 425 2782 quibus
448 2706 594 2766 consistit
617 2707 722 2766 cultus
744 2706 903 2777 internus,
926 2711 1002 2767 sunl
1022 2726 1103 2784 prae-

88 2790 200 2848 serlim
228 2784 373 2846 adoratio
398 2789 430 2845 et
450 2784 622 2847 submissio
650 2788 757 2858 animi,
781 2790 895 2859 oratio,
928 2786 1105 2865 gratiarum

89 2868 171 2927 aetio
201 2870 233 2925 el
257 2868 361 2927 timor.

92 2989 155 3049 144.
181 3021 220 3029 -—
241 2988 358 3047 Tussis.
382 2989 483 3047 Homo
504 2994 628 3047 tenetur
647 2990 691 3049 ud
708 2990 869 3049 t'atermtm
890 2991 952 3048 Dei
970 2991 1102 3051 ruitum.

125 3104 300 3164 Probatur.
326 3103 353 3163 l⁰
370 3099 481 3163 Officia
496 3102 636 3162 hominis
654 3120 732 3179 erga
753 3106 858 3164 Deum
878 3101 1057 3166 fundantur
1070 3106 1104 3167 in

87 3182 211 3245 infinita
242 3184 302 3243 Dei
333 3183 529 3243 excellentia
560 3186 592 3242 et
622 3183 656 3242 in
688 3182 911 3260 dependentia
938 3186 1104 3247 essentiali

86 3263 225 3339 hominis
255 3266 412 3337 respectu
437 3260 507 3335 Dei,
540 3278 577 3321 ae
605 3262 792 3341 cognitione
817 3264 956 3341 hujusce
981 3263 1104 3341 depen-

87 3343 204 3405 dentiae
227 3342 419 3403 essentialis.
443 3342 540 3417 Atqui
568 3358 635 3401 non
661 3343 759 3403 modo
788 3360 918 3419 corpus
946 3343 1007 3404 sed
1033 3344 1105 3421 ipsa

87 3425 194 3483 anima
221 3422 365 3482 humana
393 3438 467 3481 eum
490 3422 642 3482 omnibus
669 3420 877 3484 facultatibus
904 3424 1025 3500 quibus
1053 3442 1103 3486 or-

86 3513 192 3574 natur,
215 3507 265 3563 est
285 3504 444 3575 ereatura,
467 3517 504 3561 ao
525 3500 664 3577 proinde
685 3504 752 3563 Deo
776 3505 913 3563 creatori
934 3505 1100 3583 subjecla3

86 3584 150 3644 imo
181 3586 215 3643 et
240 3582 327 3642 liano
358 3579 615 3657 dependendam
637 3584 790 3659 ignorare
812 3584 938 3659 nequii,
962 3585 1040 3661 quia
1061 3602 1103 3647 ex

86 3678 153 3725 una
173 3666 266 3741 parte
288 3660 342 3722 lex
370 3660 599 3739 dependentia
627 3662 714 3724 clare
741 3660 967 3724 manifestatur
986 3666 1021 3727 in
1040 3666 1101 3730 be·
