2642 4250
469 258 574 301 Etslca
597 252 753 297 spectatis.

517 411 644 472 CAPUT
665 410 715 469 lll.

415 573 451 614 DE
466 570 624 615 SoclETsTE
642 567 808 613 antimosi.

142 685 184 743 ln
205 683 264 744 hoc
288 685 392 760 capite
417 700 555 762 agemus
568 687 597 746 1ο
620 683 661 744 de
683 682 841 744 societate
855 680 1009 757 religiosa
1029 677 1063 738 in
1085 694 1121 738 se

91 768 267 838 spectata,
291 766 323 826 2⁰
346 764 386 826 de
411 781 566 842 suprema
588 769 751 846 potestate
768 761 1000 822 ecclesiastica.

496 896 694 951 ARTICULUS
708 896 729 948 1.

283 1023 327 1080 Dc
349 1023 499 1082 socictate
513 1019 668 1096 reliciosa
683 1020 715 1076 ric
729 1034 763 1078 sc
775 1020 928 1092 spectato.

142 1151 212 1212 290.
235 1187 272 1194 -
294 1152 439 1213 Societas
460 1153 625 1232 religiosa,
648 1167 710 1210 seu
730 1150 886 1217 Ecclesia,
911 1152 1021 1224 potest
1043 1164 1117 1208 con·

95 1230 239 1293 siderari
254 1253 261 1290 :
274 1235 302 1292 l⁰
313 1233 424 1309 quoad
435 1249 530 1293 suum
541 1237 661 1292 stolum
671 1233 845 1297 internum,
869 1244 991 1305 nempe
1007 1226 1118 1304 quoad

95 1310 267 1371 internam
288 1317 484 1372 structuram
507 1328 602 1388 quam
634 1325 653 1369 a
684 1327 744 1371 suo
768 1307 945 1368 fundatore
967 1308 1114 1384 accepit;
1154 1382 1157 1386 Α

95 1389 133 1449 2⁰
148 1389 260 1466 quoad
283 1395 402 1452 statum
428 1396 608 1462 externum,
631 1391 756 1450 scilicet
777 1387 887 1465 quoad
911 1387 1117 1448 necessarias

96 1470 279 1531 relationes
301 1487 383 1547 quas
397 1471 499 1532 habet
520 1486 593 1531 cum
617 1470 688 1530 aliis
709 1470 933 1530 societatibus.
955 1465 1116 1544 Equidem

97 1549 167 1609 istae
188 1549 367 1610 relationes
390 1555 531 1612 externe
547 1548 589 1610 ad
606 1555 804 1625 conceptum
825 1549 962 1624 alicujus
978 1547 1115 1608 societa-
1157 1596 1161 1603 .

98 1630 140 1688 tis
162 1637 279 1690 natura
301 1647 360 1690 sua
381 1631 574 1692 universalis
598 1632 777 1704 pertinent,
801 1645 872 1705 qua
893 1629 926 1688 in
941 1644 1001 1686 sua
1016 1632 1116 1687 mate-

97 1707 169 1768 riali
192 1709 368 1770 diffusione
390 1727 506 1771 omnes
521 1713 639 1788 gentes
661 1710 837 1785 omniaque
859 1723 962 1786 regna
985 1723 1022 1766 ac
1047 1709 1113 1767 sin-

98 1786 196 1862 gulos
218 1789 368 1850 homines
385 1791 622 1867 complectitur,
646 1795 703 1849 aut
717 1788 890 1866 complecti
906 1786 1018 1847 debet.
1036 1785 1115 1848 lnde

97 1865 134 1926 fit
155 1872 192 1929 ut
218 1867 405 1946 subjectum
428 1870 576 1930 Ecclesiae
598 1867 779 1930 idenlicum
800 1872 841 1929 sit
865 1884 939 1926 cum
963 1865 1113 1943 subjecto

99 1944 236 2008 aliarum
262 1949 470 2021 societatum3
502 1965 593 2026 erg0,
609 1949 638 2007 vi
660 1949 747 2009 illius
770 1948 952 2009 identitatis
972 1947 1114 2020 subiecti

98 2042 159 2087 seu
181 2027 398 2100 subditorum,
433 2030 575 2091 societas
596 2029 751 2102 religiosa
777 2029 983 2088 necessarias
1013 2026 1114 2088 habet

98 2107 275 2169 relationes
299 2125 374 2169 cum
394 2107 530 2171 diversis
542 2109 764 2170 societatibus.
781 2108 927 2169 Ecclesia
937 2107 1036 2186 igitur
1045 2121 1113 2167 non

97 2190 208 2263 potest
238 2190 271 2247 in
309 2195 462 2249 concreto
498 2187 700 2251 considerari
730 2189 809 2264 quin
831 2188 934 2248 oculis
956 2187 1116 2265 aiicrlgeat

98 2265 170 2345 ejus
192 2271 296 2328 status
313 2276 478 2340 externus,
502 2285 612 2345 neque
635 2266 778 2331 dilucide
794 2268 951 2347 cognosci
967 2268 1045 2345 quin
1060 2267 1111 2326 hio

100 2346 223 2423 duplex
244 2352 348 2408 status
365 2349 582 2425 expendatur.

354 2469 406 2531 51.
423 2470 463 2522 De
479 2470 559 2522 statu
574 2468 694 2522 interno
708 2466 854 2521 Ecclesiae.

136 2574 204 2636 291.
229 2577 373 2635 -Licet
392 2576 537 2638 Ecclesia
559 2576 599 2636 sit
624 2575 748 2636 ordinis
770 2576 1038 2652 supernaturalis,
1065 2580 1110 2635 ta-

19 2696 20 2701 1
98 2668 173 2713 rnen
186 2654 284 2714 homo
308 2660 421 2715 natura
436 2672 495 2715 sua
512 2654 553 2716 ad
575 2656 661 2715 hanc
677 2656 869 2716 societatem
883 2656 993 2733 aliquo
1009 2654 1108 2717 modo

19 2774 20 2777 ,
99 2732 264 2793 ordinatur
287 2754 294 2794 :
320 2750 393 2795 cum
416 2738 501 2795 enim
524 2736 633 2795 anima
654 2737 797 2795 humana
813 2738 853 2795 sit
863 2735 1053 2796 immortalis
1077 2740 1110 2795 et

20 2862 21 2891 ,
98 2810 182 2873 bona
204 2813 336 2873 alterius
357 2816 439 2889 vitae,
463 2832 584 2890 nempe
604 2832 700 2875 suum
714 2814 815 2874 finem
829 2815 991 2881 ultimum,
1009 2832 1114 2891 spon·¹

20 2892 21 2923 ³
99 2894 130 2951 te
149 2896 270 2953 naturae
292 2899 436 2971 appetat,
468 2898 523 2971 qui
546 2895 664 2955 limites
696 2899 730 2953 et
749 2893 921 2955 facultates
942 2894 1107 2955 societatis

100 2969 193 3032 civilis
215 2973 313 3049 longe
336 2974 613 3052 pretergreditun
636 2990 775 3034 necesse
798 2978 898 3034 estut
919 2976 1017 3033 homo
1034 2990 1104 3035 me-

103 3048 153 3111 dia
168 3056 200 3111 et
215 3053 331 3111 auxilia
347 3052 467 3113 idonea
482 3055 625 3129 inquirat
639 3053 682 3114 ad
697 3054 942 3130 assequendum
957 3071 1053 3113 suum
1072 3052 1108 3114 fi-

100 3127 194 3191 finem
210 3132 373 3204 ultimum,
391 3149 512 3210 nempe
527 3135 633 3193 Deum
652 3134 776 3210 ipsum:
799 3134 860 3193 sed
882 3134 1106 3208 societasque

100 3208 161 3270 haec
182 3212 286 3271 media
310 3218 342 3271 et
363 3214 482 3273 auxilia
505 3212 706 3289 suppeditat,
730 3212 884 3289 religiosa
907 3212 1103 3289 appellatur,

25 4014 30 4174 l

101 3290 170 3431 {mil
185 3290 256 3383 ejus
277 3291 447 3370 objectum
462 3296 512 3352 est
530 3293 645 3369 religio
668 3291 761 3370 (150),
779 3298 812 3352 et
827 3297 878 3352 est
897 3294 969 3370 ipsa
989 3292 1104 3353 Christi

125 3384 248 3430 ccesra.
1065 3382 1072 3395 ·

135 3448 164 3508 Si
183 3449 297 3527 religio
320 3455 409 3512 esset
428 3467 520 3512 mere
535 3452 704 3520 naturalis,
720 3450 862 3512 societas
884 3449 1040 3528 religiosa
1054 3450 1102 3527 ip·

100 3542 133 3586 sa
150 3530 303 3591 naturalis
324 3528 424 3600 foret;
449 3532 477 3591 si
498 3536 609 3593 autern
629 3531 757 3609 religio,
782 3546 854 3606 quae
875 3546 894 3590 a
926 3531 995 3591 Deo
1028 3531 1101 3601 ipso

100 3610 282 3685 proponitur
300 3614 338 3673 ut
357 3612 492 3672 unicum
516 3610 665 3673 medium
686 3610 810 3682 salutis,
828 3614 879 3670 est
900 3614 1099 3688 supernatu-
