2642 4250
452 322 542 368 tubex
563 321 759 368 SYNOPTICUS«

127 469 237 523 Tussis
251 466 282 521 11.
299 465 438 521 Habitus
452 462 664 520 debilitantur
678 466 708 518 et
722 460 912 534 quandoque
926 459 1023 533 peni·

91 540 146 593 ins
164 537 371 606 eradicantur
391 551 451 607 per
469 538 558 591 actus
578 535 765 591 contrarios.
788 563 823 577 -
845 536 937 590 Actus
951 535 1022 588 sunt

90 623 186 666 eausa
199 609 365 664 habituum.

213 748 232 810 ἓ
246 745 279 799 11.
299 746 340 798 De
354 743 502 800 habitibus
514 742 611 815 bonis,
631 757 683 798 seu
698 740 734 797 do
748 739 923 797 virtutibus,

177 914 180 919 ,
254 867 275 937 l.
289 866 355 928 Quid
368 871 396 917 et
408 867 544 933 quotuplex
558 866 592 919 sit
604 865 687 917 virtus
701 862 832 932 speciatim
845 862 957 915 moralis.

93 994 97 1002 ·
127 982 279 1052 Definitio
294 984 432 1038 uirtutis.
448 1010 483 1023 -
497 982 599 1038 Virtus
613 985 660 1038 est
676 981 754 1038 bona
772 981 899 1053 qualitas
912 977 1021 1036 mentis

93 1069 156 1126 qua
169 1058 251 1110 reete
270 1053 385 1109 vivitur
402 1056 433 1109 et
451 1053 551 1109 nullus
568 1054 645 1109 mate
659 1053 764 1109 utitur.

130 1128 242 1181 Tussis
260 1127 281 1181 1.
301 1124 415 1179 Virtus
433 1123 564 1179 moratis
579 1125 616 1179 in
632 1124 738 1179 medio
753 1124 814 1180 sita
828 1125 881 1180 est.
898 1120 1022 1188 -Quia

94 1197 201 1266 nequit
219 1209 236 1250 a
250 1195 355 1266 regula
373 1194 453 1250 ultra
466 1196 580 1251 citrave
594 1194 761 1252 deflectere.

129 1270 242 1324 Tussis
265 1269 296 1323 ll.
322 1266 427 1322 Homo
449 1265 490 1321 ad
511 1267 648 1336 perfecte
674 1264 874 1338 operandum
898 1263 1023 1333 indipet

94 1338 279 1393 uirtutibus.
299 1367 336 1377 -
349 1338 423 1403 Quia
438 1338 502 1392 sine
517 1337 679 1392 virtutibus
697 1351 756 1392 non
771 1349 929 1407 possumus
948 1335 1020 1390 uni-

93 1409 243 1479 formiter,
259 1411 432 1464 constanter
453 1411 484 1464 et
495 1410 634 1480 prompte
648 1409 765 1480 operari
784 1409 948 1464 seeundum
970 1420 1023 1462 re·

94 1480 196 1551 gulam
210 1493 337 1536 morum.

130 1551 250 1606 Diuisio
273 1553 441 1605 uirtutum.
462 1578 497 1591 -
520 1551 639 1605 Tunsrs.
660 1549 773 1604 Virtus
782 1548 923 1604 morulis
938 1547 1023 1604 adae*

95 1624 190 1694 quate
209 1622 372 1677 diuiditur
390 1622 424 1676 in
439 1623 574 1689 quatuor
587 1619 799 1691 peneraliores
823 1623 938 1691 partes,
954 1635 1023 1689 qnae

96 1695 174 1747 sunt
186 1693 372 1762 prudentia,
379 1691 518 1762 justitia.
536 1692 746 1761 temperantia
762 1694 791 1746 et
809 1691 972 1761 tortitudo.
988 1719 1025 1730 -

95 1765 170 1818 Nam
187 1764 216 1818 10
231 1766 361 1833 quatuor
379 1765 449 1818 sunt
469 1762 614 1833 principia
628 1763 834 1832 operationum
851 1761 1025 1816 moralium:

93 1835 146 1888 ¹ris
159 1835 323 1899 rationalis,
336 1833 483 1893 voluntas,
495 1835 645 1903 appetitus
654 1833 890 1904 concupiscibilis
900 1836 929 1888 et
940 1833 1026 1902 appe·

96 1905 173 1961 titus
183 1905 350 1975 irascibilis,
359 1919 425 1974 quae
435 1903 644 1974 informantur,
655 1904 785 1974 primum
798 1903 965 1974 prudentia,
976 1918 1026 1956 se-

96 1974 227 2032 eundum
238 1976 366 2045 justitia,
377 1980 447 2045 ete,
458 1979 489 2030 20
499 1975 627 2045 idipsum
642 1976 756 2032 eruitur
770 1977 858 2031 etiam
873 1990 909 2030 ex
923 1974 1021 2044 objec-

94 2048 129 2102 to
144 2045 272 2115 illarum,
294 2060 400 2117 nempe
420 2061 457 2102 ex
476 2046 553 2102 bono
567 2045 682 2102 morali.
870 2055 871 2062 ¹

341 2169 376 2219 ΙΙ.
390 2168 430 2219 De
443 2168 581 2219 virtutibus
591 2168 731 2219 moralibus
744 2170 771 2218 in
786 2167 878 2235 speeie.

132 2289 153 2344 1.
169 2287 350 2344 Prudentia
363 2291 410 2343 est
423 2288 523 2343 virtus
537 2303 594 2361 qua
609 2288 777 2344 intellectus
784 2288 900 2355 judicat
909 2287 981 2359 quid
995 2288 1026 2343 in

94 2360 271 2432 particulari
286 2360 326 2414 sit
345 2360 503 2415 honestum
518 2359 566 2414 vel
581 2362 679 2429 turpe.
699 2363 771 2415 Tres
785 2363 856 2415 sunt
870 2363 954 2430 aetus
969 2374 1024 2429 ge-

96 2431 262 2487 neraliores
274 2430 441 2501 prudentiae
458 2447 465 2484 :
482 2432 510 2486 10
524 2430 599 2484 bene
612 2431 791 2496 consultare,
805 2434 835 2485 2⁰
850 2434 932 2486 reete
943 2429 1025 2500 jndi-

96 2515 176 2627 ἕπε),
191 2503 292 2629 3οῒνίῒὲ
306 2501 452 2627 ἱὲηιῖρναέο
459 2519 479 2627 n
491 2500 674 2627 ἰῃξοὲπῖθε
688 2500 875 2573 potentiales
889 2501 1025 2558 Pruden-

120 2586 216 2628 aesun
248 2592 255 2627 :
294 2587 401 2635 uu1a‚
480 2586 548 2637 est,
586 2586 683 2627 nome.

132 2644 238 2699 Partes
257 2586 458 2711 interprantesy
470 2642 746 2712 ejusdemviriutis
761 2645 831 2699 suut
848 2661 855 2697 τ
873 2644 1025 2711 Memoria,

96 2713 304 2780 intelligentia,
327 2712 528 2778 Providentia,
553 2714 760 2780 Ratiocinatio,
783 2714 918 2782 solertia,
939 2715 1025 2769 Doci-

1042 301 1115 363 2249

1074 601 1112 657 27

1077 2546 1312 2627 eo‘³

97 2785 177 2851 litas,
191 2783 431 2854 (inrumpentia,
444 2784 557 2856 (lautia,
573 2788 719 2855 quatenus
738 2785 775 2841 ad
789 2783 1024 2856 disquisitionem
1071 2831 1073 2833 .

97 2858 197 2927 operis
211 2856 327 2912 honesti
341 2869 374 2910 se
388 2854 533 2911 referunt.

133 2929 166 2983 11.
181 2926 315 2984 institia
328 2928 375 2981 est
388 2925 487 2981 virtus
501 2926 622 2980 moralis
636 2941 695 2996 qua
708 2927 846 2982 voluntas
861 2927 966 2983 tribuit
985 2927 1025 2982 al-

95 2997 157 3053 teri
181 2998 260 3072 quod
283 3011 373 3067 suum⁴
394 2999 450 3051 est.
467 2997 620 3063 Obieetum
634 2998 758 3053 formale
768 2998 892 3069 justitiae
905 3002 952 3054 est
962 3000 1023 3069 jus,

95 3068 177 3139 quod
192 3068 384 3124 multifariam
400 3067 552 3123 dividitur.

131 3139 252 3195 lustitia
266 3139 396 3209 partitur
412 3140 442 3193 10
457 3141 487 3193 in
502 3138 629 3208 legalem
646 3140 678 3194 et
716 3139 917 3207 articularem,
941 3142 971 3194 20
993 3140 1025 3197 in

97 3210 341 3266 commutativam
352 3210 386 3290 'et
402 3208 634 3276 distributivam,
649 3154 761 3281 quilius
775 3215 938 3267 revocatur
959 3214 1024 3267 vin-

96 3282 235 3408 (11ᾳί1103.
260 3279 376 3350 Legabs
399 3280 547 3336 subdividi
572 3282 649 3337 solet
671 3281 703 3336 in
726 3283 833 3338 stricte
857 3282 981 3351 legalem
995 3285 1026 3338 et

97 3367 145 3407 ei
170 3366 255 3407 e1am.

114 3366 237 3549 1latntes
251 3419 440 3491 potentiales
451 3422 578 3493 iustitiae
591 3425 662 3479 sunt
678 3440 686 3478 :
700 3423 825 3496 Religio,
841 3424 949 3499 Pietas,
965 3424 1026 3481 cle·

93 3508 163 3550 men
179 3495 217 3559 ia,
231 3500 311 3549 eto...

131 3567 175 3621 111.
206 3562 430 3634 Temperantia
444 3567 490 3623 est
512 3566 610 3622 virtus
632 3565 754 3621 moralis
785 3581 852 3637 quae
871 3566 908 3622 ad
930 3580 1026 3636 praes-

97 3636 228 3706 criptum
242 3635 368 3692 rationis
386 3637 550 3706 appetitum
569 3636 742 3692 moderatur
756 3638 834 3693 eirea
856 3638 1031 3707 voluptates.

96 3708 279 3779 corporales,
289 3708 457 3777 praesertim
467 3713 571 3777 gustus
584 3710 734 3764 attactus.
751 3709 856 3765 Partes
866 3709 1025 3780 intepran·

1077 2855 1136 2911 32,

1077 3068 1118 3123 33

1078 3351 1115 3408 et

1078 3494 1120 3551 35
