<?xml version="1.0" encoding="UTF-8"?>
<!DOCTYPE html PUBLIC "-//W3C//DTD XHTML 1.0 Transitional//EN"
    "http://www.w3.org/TR/xhtml1/DTD/xhtml1-transitional.dtd">
<html xmlns="http://www.w3.org/1999/xhtml" xml:lang="en" lang="en">
 <head>
  <title>
</title>
<meta http-equiv="Content-Type" content="text/html;charset=utf-8" />
  <meta name='ocr-system' content='tesseract 3.04.00' />
  <meta name='ocr-capabilities' content='ocr_page ocr_carea ocr_par ocr_line ocrx_word'/>
</head>
<body>
  <div class='ocr_page' id='page_1' title='image "./brevariumphilos00grangoog_0021.png"; bbox 0 0 2642 4250; ppageno 0'>
   <div class='ocr_carea' id='block_1_1' title="bbox 474 232 1133 299">
    <p class='ocr_par' dir='ltr' id='par_1_1' title="bbox 474 232 1133 299">
     <span class='ocr_line' id='line_1_1' title="bbox 474 232 1133 299; baseline -0.006 -1"><span class='ocrx_word' id='word_1_1' title='bbox 474 255 578 299; x_wconf 70' lang='lat' dir='ltr'>erutos</span> <span class='ocrx_word' id='word_1_2' title='bbox 600 253 771 298; x_wconf 75' lang='lat' dir='ltr'>pennatus</span> <span class='ocrx_word' id='word_1_3' title='bbox 1112 232 1133 294; x_wconf 81' lang='grc'><strong>9</strong></span> 
     </span>
    </p>
   </div>
   <div class='ocr_carea' id='block_1_2' title="bbox 108 365 1135 2600">
    <p class='ocr_par' dir='ltr' id='par_1_2' title="bbox 110 365 1135 766">
     <span class='ocr_line' id='line_1_2' title="bbox 111 365 1133 446; baseline -0.006 -16"><span class='ocrx_word' id='word_1_4' title='bbox 111 369 293 432; x_wconf 88' lang='lat' dir='ltr'>luntarium</span> <span class='ocrx_word' id='word_1_5' title='bbox 308 367 373 429; x_wconf 92' lang='lat' dir='ltr'>duo</span> <span class='ocrx_word' id='word_1_6' title='bbox 390 371 555 446; x_wconf 75' lang='lat' dir='ltr'>importet,</span> <span class='ocrx_word' id='word_1_7' title='bbox 573 383 694 444; x_wconf 81' lang='lat' dir='ltr'>nempe</span> <span class='ocrx_word' id='word_1_8' title='bbox 712 371 741 430; x_wconf 89' lang='lat' dir='ltr'>l⁰</span> <span class='ocrx_word' id='word_1_9' title='bbox 754 371 793 429; x_wconf 92' lang='lat' dir='ltr'>ut</span> <span class='ocrx_word' id='word_1_10' title='bbox 807 365 968 444; x_wconf 90' lang='lat' dir='ltr'>procedat</span> <span class='ocrx_word' id='word_1_11' title='bbox 982 382 1001 426; x_wconf 86' lang='lat' dir='ltr'>a</span> <span class='ocrx_word' id='word_1_12' title='bbox 1015 365 1133 442; x_wconf 92' lang='lat' dir='ltr'>princi·</span> 
     </span>
     <span class='ocr_line' id='line_1_3' title="bbox 110 445 1133 528; baseline -0.007 -16"><span class='ocrx_word' id='word_1_13' title='bbox 110 451 170 528; x_wconf 92' lang='lat' dir='ltr'>pio</span> <span class='ocrx_word' id='word_1_14' title='bbox 188 450 366 510; x_wconf 85' lang='lat' dir='ltr'>intrinseco</span> <span class='ocrx_word' id='word_1_15' title='bbox 387 465 448 508; x_wconf 90' lang='lat' dir='ltr'>seu</span> <span class='ocrx_word' id='word_1_16' title='bbox 465 451 645 522; x_wconf 81' lang='lat' dir='ltr'>voluntate,</span> <span class='ocrx_word' id='word_1_17' title='bbox 665 449 698 508; x_wconf 79' lang='grc'>20</span> <span class='ocrx_word' id='word_1_18' title='bbox 720 452 757 508; x_wconf 93' lang='lat' dir='ltr'>ut</span> <span class='ocrx_word' id='word_1_19' title='bbox 779 447 821 509; x_wconf 87' lang='lat' dir='ltr'>sit</span> <span class='ocrx_word' id='word_1_20' title='bbox 846 463 921 508; x_wconf 90' lang='lat' dir='ltr'>cum</span> <span class='ocrx_word' id='word_1_21' title='bbox 947 445 1133 524; x_wconf 79' lang='lat' dir='ltr'>cognitione</span> 
     </span>
     <span class='ocr_line' id='line_1_4' title="bbox 110 523 1135 607; baseline -0.008 -15"><span class='ocrx_word' id='word_1_22' title='bbox 110 530 343 606; x_wconf 85' lang='lat' dir='ltr'>operationem</span> <span class='ocrx_word' id='word_1_23' title='bbox 363 527 537 607; x_wconf 82' lang='lat' dir='ltr'>dirigente,</span> <span class='ocrx_word' id='word_1_24' title='bbox 559 531 708 605; x_wconf 89' lang='lat' dir='ltr'>sequitur</span> <span class='ocrx_word' id='word_1_25' title='bbox 725 528 981 588; x_wconf 88' lang='lat' dir='ltr'>involuntarium</span> <span class='ocrx_word' id='word_1_26' title='bbox 1001 540 1075 586; x_wconf 89' lang='lat' dir='ltr'>esse</span> <span class='ocrx_word' id='word_1_27' title='bbox 1100 523 1135 585; x_wconf 96' lang='lat' dir='ltr'>id</span> 
     </span>
     <span class='ocr_line' id='line_1_5' title="bbox 112 607 1129 687; baseline -0.008 -16"><span class='ocrx_word' id='word_1_28' title='bbox 112 609 207 687; x_wconf 91' lang='lat' dir='ltr'>quod</span> <span class='ocrx_word' id='word_1_29' title='bbox 232 610 286 671; x_wconf 93' lang='lat' dir='ltr'>vel</span> <span class='ocrx_word' id='word_1_30' title='bbox 309 625 334 668; x_wconf 88' lang='lat' dir='ltr'>a·</span> <span class='ocrx_word' id='word_1_31' title='bbox 352 609 511 685; x_wconf 90' lang='lat' dir='ltr'>principio</span> <span class='ocrx_word' id='word_1_32' title='bbox 535 610 711 670; x_wconf 86' lang='lat' dir='ltr'>intrinseco</span> <span class='ocrx_word' id='word_1_33' title='bbox 735 623 796 668; x_wconf 88' lang='lat' dir='ltr'>seu</span> <span class='ocrx_word' id='word_1_34' title='bbox 819 623 839 681; x_wconf 85' lang='lat' dir='ltr'>a</span> <span class='ocrx_word' id='word_1_35' title='bbox 861 607 1030 668; x_wconf 90' lang='lat' dir='ltr'>voluntate</span> <span class='ocrx_word' id='word_1_36' title='bbox 1061 620 1129 664; x_wconf 94' lang='lat' dir='ltr'>non</span> 
     </span>
     <span class='ocr_line' id='line_1_6' title="bbox 111 685 1051 766; baseline -0.002 -18"><span class='ocrx_word' id='word_1_37' title='bbox 111 688 278 766; x_wconf 78' lang='lat' dir='ltr'>procedit,</span> <span class='ocrx_word' id='word_1_38' title='bbox 294 689 348 750; x_wconf 89' lang='lat' dir='ltr'>vel</span> <span class='ocrx_word' id='word_1_39' title='bbox 362 689 489 766; x_wconf 80' lang='lat' dir='ltr'>absque</span> <span class='ocrx_word' id='word_1_40' title='bbox 505 689 693 766; x_wconf 76' lang='lat' dir='ltr'>cognitione</span> <span class='ocrx_word' id='word_1_41' title='bbox 707 685 781 747; x_wconf 87' lang='lat' dir='ltr'>finis</span> <span class='ocrx_word' id='word_1_42' title='bbox 796 686 920 764; x_wconf 83' lang='lat' dir='ltr'>abipsa</span> <span class='ocrx_word' id='word_1_43' title='bbox 939 685 1051 746; x_wconf 90' lang='lat' dir='ltr'>oritur.</span> 
     </span>
    </p>

    <p class='ocr_par' dir='ltr' id='par_1_3' title="bbox 110 761 1134 1562">
     <span class='ocr_line' id='line_1_7' title="bbox 157 761 1131 846; baseline -0.006 -17"><span class='ocrx_word' id='word_1_44' title='bbox 157 769 413 831; x_wconf 89' lang='lat' dir='ltr'>involuntarium</span> <span class='ocrx_word' id='word_1_45' title='bbox 433 784 524 846; x_wconf 91' lang='lat' dir='ltr'>ergo,</span> <span class='ocrx_word' id='word_1_46' title='bbox 545 770 591 829; x_wconf 90' lang='lat' dir='ltr'>sic</span> <span class='ocrx_word' id='word_1_47' title='bbox 606 767 784 829; x_wconf 81' lang='lat' dir='ltr'>universim</span> <span class='ocrx_word' id='word_1_48' title='bbox 799 771 979 843; x_wconf 91' lang='lat' dir='ltr'>sumptum,</span> <span class='ocrx_word' id='word_1_49' title='bbox 1002 768 1052 826; x_wconf 90' lang='lat' dir='ltr'>est</span> <span class='ocrx_word' id='word_1_50' title='bbox 1070 761 1131 824; x_wconf 91' lang='lat' dir='ltr'>du·</span> 
     </span>
     <span class='ocr_line' id='line_1_8' title="bbox 113 845 1132 925; baseline -0.005 -17"><span class='ocrx_word' id='word_1_51' title='bbox 113 849 218 925; x_wconf 83' lang='lat' dir='ltr'>plex:</span> <span class='ocrx_word' id='word_1_52' title='bbox 240 847 331 908; x_wconf 88' lang='lat' dir='ltr'>aliud</span> <span class='ocrx_word' id='word_1_53' title='bbox 350 849 624 925; x_wconf 66' lang='lat' dir='ltr'>perpiciendum,</span> <span class='ocrx_word' id='word_1_54' title='bbox 646 846 735 907; x_wconf 91' lang='lat' dir='ltr'>aliud</span> <span class='ocrx_word' id='word_1_55' title='bbox 749 862 810 922; x_wconf 90' lang='lat' dir='ltr'>per</span> <span class='ocrx_word' id='word_1_56' title='bbox 828 847 1060 922; x_wconf 67' lang='lat' dir='ltr'>ignorantiam.</span> <span class='ocrx_word' id='word_1_57' title='bbox 1083 845 1132 904; x_wconf 89' lang='lat' dir='ltr'>ln·</span> 
     </span>
     <span class='ocr_line' id='line_1_9' title="bbox 113 925 1134 1005; baseline -0.004 -17"><span class='ocrx_word' id='word_1_58' title='bbox 113 929 337 990; x_wconf 88' lang='lat' dir='ltr'>voluntarium</span> <span class='ocrx_word' id='word_1_59' title='bbox 351 945 412 1005; x_wconf 91' lang='lat' dir='ltr'>per</span> <span class='ocrx_word' id='word_1_60' title='bbox 429 929 630 1002; x_wconf 88' lang='lat' dir='ltr'>violentiam,</span> <span class='ocrx_word' id='word_1_61' title='bbox 650 926 731 988; x_wconf 88' lang='lat' dir='ltr'>illud</span> <span class='ocrx_word' id='word_1_62' title='bbox 751 930 803 987; x_wconf 91' lang='lat' dir='ltr'>est</span> <span class='ocrx_word' id='word_1_63' title='bbox 822 927 915 1005; x_wconf 86' lang='lat' dir='ltr'>eujus</span> <span class='ocrx_word' id='word_1_64' title='bbox 936 925 1134 1000; x_wconf 90' lang='lat' dir='ltr'>principium</span> 
     </span>
     <span class='ocr_line' id='line_1_10' title="bbox 116 1004 1131 1086; baseline -0.004 -20"><span class='ocrx_word' id='word_1_65' title='bbox 116 1011 169 1067; x_wconf 91' lang='lat' dir='ltr'>est</span> <span class='ocrx_word' id='word_1_66' title='bbox 199 1012 302 1080; x_wconf 77' lang='lat' dir='ltr'>extra,</span> <span class='ocrx_word' id='word_1_67' title='bbox 332 1007 378 1068; x_wconf 89' lang='lat' dir='ltr'>ita</span> <span class='ocrx_word' id='word_1_68' title='bbox 406 1012 443 1068; x_wconf 91' lang='lat' dir='ltr'>ut</span> <span class='ocrx_word' id='word_1_69' title='bbox 470 1007 657 1086; x_wconf 84' lang='lat' dir='ltr'>subjectum</span> <span class='ocrx_word' id='word_1_70' title='bbox 692 1005 783 1084; x_wconf 92' lang='lat' dir='ltr'>quod</span> <span class='ocrx_word' id='word_1_71' title='bbox 814 1009 882 1085; x_wconf 89' lang='lat' dir='ltr'>agit</span> <span class='ocrx_word' id='word_1_72' title='bbox 907 1021 970 1065; x_wconf 90' lang='lat' dir='ltr'>seu</span> <span class='ocrx_word' id='word_1_73' title='bbox 1000 1004 1131 1080; x_wconf 85' lang='lat' dir='ltr'>patitur,</span> 
     </span>
     <span class='ocr_line' id='line_1_11' title="bbox 112 1083 1132 1164; baseline -0.005 -17"><span class='ocrx_word' id='word_1_74' title='bbox 112 1086 192 1148; x_wconf 87' lang='lat' dir='ltr'>nihii</span> <span class='ocrx_word' id='word_1_75' title='bbox 231 1086 378 1148; x_wconf 88' lang='lat' dir='ltr'>conferat</span> <span class='ocrx_word' id='word_1_76' title='bbox 408 1104 470 1148; x_wconf 88' lang='lat' dir='ltr'>nec</span> <span class='ocrx_word' id='word_1_77' title='bbox 504 1091 623 1164; x_wconf 90' lang='lat' dir='ltr'>sponte</span> <span class='ocrx_word' id='word_1_78' title='bbox 658 1091 750 1164; x_wconf 84' lang='lat' dir='ltr'>agat3</span> <span class='ocrx_word' id='word_1_79' title='bbox 787 1090 839 1148; x_wconf 88' lang='lat' dir='ltr'>est</span> <span class='ocrx_word' id='word_1_80' title='bbox 880 1083 1132 1145; x_wconf 84' lang='lat' dir='ltr'>involuntarium</span> 
     </span>
     <span class='ocr_line' id='line_1_12' title="bbox 111 1163 1133 1244; baseline -0.006 -18"><span class='ocrx_word' id='word_1_81' title='bbox 111 1165 267 1242; x_wconf 88' lang='lat' dir='ltr'>positive,</span> <span class='ocrx_word' id='word_1_82' title='bbox 291 1182 353 1227; x_wconf 90' lang='lat' dir='ltr'>seu</span> <span class='ocrx_word' id='word_1_83' title='bbox 377 1166 566 1244; x_wconf 91' lang='lat' dir='ltr'>simpliciter</span> <span class='ocrx_word' id='word_1_84' title='bbox 588 1165 855 1227; x_wconf 87' lang='lat' dir='ltr'>involuntarium.</span> <span class='ocrx_word' id='word_1_85' title='bbox 876 1163 1133 1226; x_wconf 89' lang='lat' dir='ltr'>involuntarium</span> 
     </span>
     <span class='ocr_line' id='line_1_13' title="bbox 111 1243 1132 1324; baseline -0.004 -18"><span class='ocrx_word' id='word_1_86' title='bbox 111 1261 173 1321; x_wconf 89' lang='lat' dir='ltr'>per</span> <span class='ocrx_word' id='word_1_87' title='bbox 187 1247 408 1324; x_wconf 85' lang='lat' dir='ltr'>ignorantiam</span> <span class='ocrx_word' id='word_1_88' title='bbox 425 1250 475 1307; x_wconf 89' lang='lat' dir='ltr'>est</span> <span class='ocrx_word' id='word_1_89' title='bbox 495 1247 530 1307; x_wconf 95' lang='lat' dir='ltr'>id</span> <span class='ocrx_word' id='word_1_90' title='bbox 542 1246 631 1324; x_wconf 92' lang='lat' dir='ltr'>quod</span> <span class='ocrx_word' id='word_1_91' title='bbox 646 1243 682 1306; x_wconf 86' lang='lat' dir='ltr'>fit</span> <span class='ocrx_word' id='word_1_92' title='bbox 697 1245 824 1323; x_wconf 88' lang='lat' dir='ltr'>absque</span> <span class='ocrx_word' id='word_1_93' title='bbox 839 1243 913 1306; x_wconf 88' lang='lat' dir='ltr'>finis</span> <span class='ocrx_word' id='word_1_94' title='bbox 929 1244 1132 1322; x_wconf 85' lang='lat' dir='ltr'>cognitione,</span> 
     </span>
     <span class='ocr_line' id='line_1_14' title="bbox 111 1322 1133 1403; baseline -0.002 -19"><span class='ocrx_word' id='word_1_95' title='bbox 111 1329 150 1385; x_wconf 92' lang='lat' dir='ltr'>ut</span> <span class='ocrx_word' id='word_1_96' title='bbox 170 1326 292 1386; x_wconf 89' lang='lat' dir='ltr'>occisio</span> <span class='ocrx_word' id='word_1_97' title='bbox 309 1341 373 1403; x_wconf 88' lang='lat' dir='ltr'>qua</span> <span class='ocrx_word' id='word_1_98' title='bbox 393 1326 535 1403; x_wconf 85' lang='lat' dir='ltr'>OEdipus</span> <span class='ocrx_word' id='word_1_99' title='bbox 554 1326 677 1388; x_wconf 85' lang='lat' dir='ltr'>inscius</span> <span class='ocrx_word' id='word_1_100' title='bbox 692 1342 789 1386; x_wconf 90' lang='lat' dir='ltr'>suum</span> <span class='ocrx_word' id='word_1_101' title='bbox 809 1329 942 1401; x_wconf 29' lang='lat' dir='ltr'>patrem,</span> <span class='ocrx_word' id='word_1_102' title='bbox 957 1322 1133 1394; x_wconf 83' lang='lat' dir='ltr'>interfecit,</span> 
     </span>
     <span class='ocr_line' id='line_1_15' title="bbox 111 1403 1132 1484; baseline -0.002 -20"><span class='ocrx_word' id='word_1_103' title='bbox 111 1403 155 1465; x_wconf 93' lang='lat' dir='ltr'>de</span> <span class='ocrx_word' id='word_1_104' title='bbox 173 1421 240 1482; x_wconf 80' lang='lat' dir='ltr'>qua</span> <span class='ocrx_word' id='word_1_105' title='bbox 255 1407 420 1467; x_wconf 89' lang='lat' dir='ltr'>occisione</span> <span class='ocrx_word' id='word_1_106' title='bbox 435 1411 551 1484; x_wconf 88' lang='lat' dir='ltr'>postea</span> <span class='ocrx_word' id='word_1_107' title='bbox 571 1405 699 1467; x_wconf 92' lang='lat' dir='ltr'>doluit:</span> <span class='ocrx_word' id='word_1_108' title='bbox 717 1406 902 1481; x_wconf 90' lang='lat' dir='ltr'>appellatur</span> <span class='ocrx_word' id='word_1_109' title='bbox 923 1406 1022 1464; x_wconf 91' lang='lat' dir='ltr'>etiam</span> <span class='ocrx_word' id='word_1_110' title='bbox 1036 1403 1132 1463; x_wconf 91' lang='lat' dir='ltr'>invo-</span> 
     </span>
     <span class='ocr_line' id='line_1_16' title="bbox 110 1484 1019 1562; baseline -0.002 -17"><span class='ocrx_word' id='word_1_111' title='bbox 110 1484 293 1547; x_wconf 90' lang='lat' dir='ltr'>luntarium</span> <span class='ocrx_word' id='word_1_112' title='bbox 307 1487 463 1562; x_wconf 89' lang='lat' dir='ltr'>privative</span> <span class='ocrx_word' id='word_1_113' title='bbox 480 1485 614 1556; x_wconf 91' lang='lat' dir='ltr'>dictum,</span> <span class='ocrx_word' id='word_1_114' title='bbox 632 1501 693 1546; x_wconf 88' lang='lat' dir='ltr'>seu</span> <span class='ocrx_word' id='word_1_115' title='bbox 707 1502 774 1546; x_wconf 92' lang='lat' dir='ltr'>non</span> <span class='ocrx_word' id='word_1_116' title='bbox 787 1485 1019 1545; x_wconf 88' lang='lat' dir='ltr'>voluntarium.</span> 
     </span>
    </p>

    <p class='ocr_par' dir='ltr' id='par_1_4' title="bbox 108 1561 1134 2600">
     <span class='ocr_line' id='line_1_17' title="bbox 152 1561 1131 1642; baseline -0.002 -18"><span class='ocrx_word' id='word_1_117' title='bbox 152 1563 390 1626; x_wconf 83' lang='lat' dir='ltr'>Adnotandum</span> <span class='ocrx_word' id='word_1_118' title='bbox 403 1571 454 1626; x_wconf 90' lang='lat' dir='ltr'>est</span> <span class='ocrx_word' id='word_1_119' title='bbox 467 1568 494 1626; x_wconf 83' lang='grc' dir='ltr'>1ο</span> <span class='ocrx_word' id='word_1_120' title='bbox 506 1564 628 1642; x_wconf 91' lang='lat' dir='ltr'>aliquid</span> <span class='ocrx_word' id='word_1_121' title='bbox 639 1579 706 1625; x_wconf 93' lang='lat' dir='ltr'>non</span> <span class='ocrx_word' id='word_1_122' title='bbox 717 1581 790 1626; x_wconf 86' lang='lat' dir='ltr'>esse</span> <span class='ocrx_word' id='word_1_123' title='bbox 802 1565 941 1640; x_wconf 89' lang='lat' dir='ltr'>positive</span> <span class='ocrx_word' id='word_1_124' title='bbox 951 1561 1131 1622; x_wconf 77' lang='lat' dir='ltr'>involunta-</span> 
     </span>
     <span class='ocr_line' id='line_1_18' title="bbox 112 1643 1133 1724; baseline 0 -24"><span class='ocrx_word' id='word_1_125' title='bbox 112 1645 217 1718; x_wconf 82' lang='lat' dir='ltr'>rium,</span> <span class='ocrx_word' id='word_1_126' title='bbox 239 1645 301 1705; x_wconf 91' lang='lat' dir='ltr'>nisi</span> <span class='ocrx_word' id='word_1_127' title='bbox 319 1646 462 1706; x_wconf 87' lang='lat' dir='ltr'>involvat</span> <span class='ocrx_word' id='word_1_128' title='bbox 483 1644 707 1724; x_wconf 87' lang='lat' dir='ltr'>cognitionem</span> <span class='ocrx_word' id='word_1_129' title='bbox 725 1646 910 1706; x_wconf 89' lang='lat' dir='ltr'>intellectus</span> <span class='ocrx_word' id='word_1_130' title='bbox 928 1663 934 1703; x_wconf 93' lang='lat'>:</span> <span class='ocrx_word' id='word_1_131' title='bbox 952 1643 1133 1703; x_wconf 89' lang='lat' dir='ltr'>involunta-</span> 
     </span>
     <span class='ocr_line' id='line_1_19' title="bbox 113 1721 1129 1802; baseline -0.004 -18"><span class='ocrx_word' id='word_1_132' title='bbox 113 1725 199 1784; x_wconf 85' lang='lat' dir='ltr'>n&#39;um</span> <span class='ocrx_word' id='word_1_133' title='bbox 228 1725 314 1784; x_wconf 91' lang='lat' dir='ltr'>enim</span> <span class='ocrx_word' id='word_1_134' title='bbox 341 1724 448 1785; x_wconf 90' lang='lat' dir='ltr'>estid</span> <span class='ocrx_word' id='word_1_135' title='bbox 471 1724 561 1802; x_wconf 93' lang='lat' dir='ltr'>quod</span> <span class='ocrx_word' id='word_1_136' title='bbox 589 1729 755 1802; x_wconf 84' lang='lat' dir='ltr'>repugnat</span> <span class='ocrx_word' id='word_1_137' title='bbox 778 1725 936 1801; x_wconf 85' lang='lat' dir='ltr'>appetitui</span> <span class='ocrx_word' id='word_1_138' title='bbox 966 1721 1129 1792; x_wconf 88' lang='lat' dir='ltr'>rationali;</span> 
     </span>
     <span class='ocr_line' id='line_1_20' title="bbox 113 1803 1131 1884; baseline -0.003 -21"><span class='ocrx_word' id='word_1_139' title='bbox 113 1819 214 1879; x_wconf 90' lang='lat' dir='ltr'>porro</span> <span class='ocrx_word' id='word_1_140' title='bbox 234 1806 266 1864; x_wconf 88' lang='grc' dir='ltr'>2ο</span> <span class='ocrx_word' id='word_1_141' title='bbox 286 1810 323 1864; x_wconf 92' lang='lat' dir='ltr'>ut</span> <span class='ocrx_word' id='word_1_142' title='bbox 340 1805 381 1864; x_wconf 91' lang='lat' dir='ltr'>sit</span> <span class='ocrx_word' id='word_1_143' title='bbox 400 1810 548 1866; x_wconf 80' lang='lat' dir='ltr'>coactum</span> <span class='ocrx_word' id='word_1_144' title='bbox 567 1803 616 1882; x_wconf 89' lang='lat' dir='ltr'>(ll,</span> <span class='ocrx_word' id='word_1_145' title='bbox 632 1803 714 1884; x_wconf 87' lang='grc'>210),</span> <span class='ocrx_word' id='word_1_146' title='bbox 732 1803 851 1866; x_wconf 86' lang='lat' dir='ltr'>sufficit</span> <span class='ocrx_word' id='word_1_147' title='bbox 869 1805 1012 1880; x_wconf 89' lang='lat' dir='ltr'>cognitio</span> <span class='ocrx_word' id='word_1_148' title='bbox 1033 1803 1131 1861; x_wconf 85' lang='lat' dir='ltr'>etiam</span> 
     </span>
     <span class='ocr_line' id='line_1_21' title="bbox 110 1881 1128 1961; baseline -0.003 -17"><span class='ocrx_word' id='word_1_149' title='bbox 110 1881 319 1959; x_wconf 81' lang='lat' dir='ltr'>imperfecta,</span> <span class='ocrx_word' id='word_1_150' title='bbox 342 1886 447 1961; x_wconf 90' lang='lat' dir='ltr'>qualis</span> <span class='ocrx_word' id='word_1_151' title='bbox 467 1887 516 1944; x_wconf 90' lang='lat' dir='ltr'>est</span> <span class='ocrx_word' id='word_1_152' title='bbox 534 1884 688 1946; x_wconf 85' lang='lat' dir='ltr'>sensitiva</span> <span class='ocrx_word' id='word_1_153' title='bbox 712 1903 719 1943; x_wconf 92' lang='lat'>:</span> <span class='ocrx_word' id='word_1_154' title='bbox 742 1888 896 1946; x_wconf 86' lang='lat' dir='ltr'>coactum</span> <span class='ocrx_word' id='word_1_155' title='bbox 911 1882 999 1942; x_wconf 88' lang='lat' dir='ltr'>enim</span> <span class='ocrx_word' id='word_1_156' title='bbox 1015 1886 1065 1941; x_wconf 89' lang='lat' dir='ltr'>est</span> <span class='ocrx_word' id='word_1_157' title='bbox 1080 1883 1128 1941; x_wconf 79' lang='lat' dir='ltr'>iit·</span> 
     </span>
     <span class='ocr_line' id='line_1_22' title="bbox 111 1963 1131 2041; baseline -0.002 -19"><span class='ocrx_word' id='word_1_158' title='bbox 111 1963 336 2023; x_wconf 78' lang='lat' dir='ltr'>voluntarium</span> <span class='ocrx_word' id='word_1_159' title='bbox 356 1963 446 2041; x_wconf 94' lang='lat' dir='ltr'>quod</span> <span class='ocrx_word' id='word_1_160' title='bbox 465 1964 622 2039; x_wconf 89' lang='lat' dir='ltr'>appetitui</span> <span class='ocrx_word' id='word_1_161' title='bbox 642 1963 797 2026; x_wconf 87' lang='lat' dir='ltr'>sensitivo</span> <span class='ocrx_word' id='word_1_162' title='bbox 816 1967 995 2041; x_wconf 89' lang='lat' dir='ltr'>repugnat;</span> <span class='ocrx_word' id='word_1_163' title='bbox 1016 1965 1054 2020; x_wconf 91' lang='lat' dir='ltr'>ut</span> <span class='ocrx_word' id='word_1_164' title='bbox 1072 1975 1131 2021; x_wconf 85' lang='lat' dir='ltr'>au-</span> 
     </span>
     <span class='ocr_line' id='line_1_23' title="bbox 115 2040 1131 2120; baseline 0.001 -19"><span class='ocrx_word' id='word_1_165' title='bbox 115 2045 183 2102; x_wconf 91' lang='lat' dir='ltr'>tem</span> <span class='ocrx_word' id='word_1_166' title='bbox 206 2045 248 2104; x_wconf 91' lang='lat' dir='ltr'>sit</span> <span class='ocrx_word' id='word_1_167' title='bbox 273 2044 305 2103; x_wconf 88' lang='lat'>3⁰</span> <span class='ocrx_word' id='word_1_168' title='bbox 330 2059 422 2104; x_wconf 91' lang='lat' dir='ltr'>mere</span> <span class='ocrx_word' id='word_1_169' title='bbox 449 2043 633 2114; x_wconf 84' lang='lat' dir='ltr'>oioientom,</span> <span class='ocrx_word' id='word_1_170' title='bbox 662 2044 787 2105; x_wconf 88' lang='lat' dir='ltr'>nullam</span> <span class='ocrx_word' id='word_1_171' title='bbox 811 2043 949 2120; x_wconf 84' lang='lat' dir='ltr'>requirit</span> <span class='ocrx_word' id='word_1_172' title='bbox 971 2040 1131 2118; x_wconf 89' lang='lat' dir='ltr'>cognitio-</span> 
     </span>
     <span class='ocr_line' id='line_1_24' title="bbox 110 2121 1134 2199; baseline -0.003 -17"><span class='ocrx_word' id='word_1_173' title='bbox 110 2136 203 2194; x_wconf 90' lang='lat' dir='ltr'>nem,</span> <span class='ocrx_word' id='word_1_174' title='bbox 234 2121 378 2199; x_wconf 89' lang='lat' dir='ltr'>ideoque</span> <span class='ocrx_word' id='word_1_175' title='bbox 402 2122 482 2184; x_wconf 90' lang='lat' dir='ltr'>illud</span> <span class='ocrx_word' id='word_1_176' title='bbox 502 2125 684 2185; x_wconf 91' lang='lat' dir='ltr'>violentum</span> <span class='ocrx_word' id='word_1_177' title='bbox 705 2129 756 2185; x_wconf 89' lang='lat' dir='ltr'>est</span> <span class='ocrx_word' id='word_1_178' title='bbox 773 2124 1027 2185; x_wconf 79' lang='lat' dir='ltr'>involuntarium</span> <span class='ocrx_word' id='word_1_179' title='bbox 1046 2121 1134 2195; x_wconf 79' lang='lat' dir='ltr'>qood</span> 
     </span>
     <span class='ocr_line' id='line_1_25' title="bbox 108 2200 1128 2281; baseline -0.002 -20"><span class='ocrx_word' id='word_1_180' title='bbox 108 2207 277 2279; x_wconf 87' lang='lat' dir='ltr'>repugnat</span> <span class='ocrx_word' id='word_1_181' title='bbox 295 2207 455 2280; x_wconf 90' lang='lat' dir='ltr'>appetitui</span> <span class='ocrx_word' id='word_1_182' title='bbox 479 2204 617 2264; x_wconf 88' lang='lat' dir='ltr'>naturali</span> <span class='ocrx_word' id='word_1_183' title='bbox 640 2224 646 2264; x_wconf 93' lang='lat'>:</span> <span class='ocrx_word' id='word_1_184' title='bbox 668 2220 700 2278; x_wconf 89' lang='lat' dir='ltr'>v.</span> <span class='ocrx_word' id='word_1_185' title='bbox 721 2219 768 2281; x_wconf 89' lang='lat' dir='ltr'>g.,</span> <span class='ocrx_word' id='word_1_186' title='bbox 789 2208 899 2265; x_wconf 91' lang='lat' dir='ltr'>motus</span> <span class='ocrx_word' id='word_1_187' title='bbox 918 2200 1037 2278; x_wconf 89' lang='lat' dir='ltr'>lapidis</span> <span class='ocrx_word' id='word_1_188' title='bbox 1057 2216 1128 2260; x_wconf 88' lang='lat' dir='ltr'>sur·</span> 
     </span>
     <span class='ocr_line' id='line_1_26' title="bbox 109 2278 1127 2360; baseline -0.002 -19"><span class='ocrx_word' id='word_1_189' title='bbox 109 2296 185 2342; x_wconf 89' lang='lat' dir='ltr'>sum</span> <span class='ocrx_word' id='word_1_190' title='bbox 207 2282 326 2343; x_wconf 90' lang='lat' dir='ltr'>dicitur</span> <span class='ocrx_word' id='word_1_191' title='bbox 348 2285 511 2344; x_wconf 87' lang='lat' dir='ltr'>violentus</span> <span class='ocrx_word' id='word_1_192' title='bbox 536 2284 650 2343; x_wconf 85' lang='lat' dir='ltr'>ultimo</span> <span class='ocrx_word' id='word_1_193' title='bbox 676 2300 789 2353; x_wconf 88' lang='lat' dir='ltr'>sensu,</span> <span class='ocrx_word' id='word_1_194' title='bbox 815 2288 971 2360; x_wconf 86' lang='lat' dir='ltr'>respectu</span> <span class='ocrx_word' id='word_1_195' title='bbox 993 2278 1127 2356; x_wconf 81' lang='lat' dir='ltr'>lapidis3</span> 
     </span>
     <span class='ocr_line' id='line_1_27' title="bbox 108 2360 1129 2439; baseline -0.003 -18"><span class='ocrx_word' id='word_1_196' title='bbox 108 2364 280 2437; x_wconf 90' lang='lat' dir='ltr'>percussio</span> <span class='ocrx_word' id='word_1_197' title='bbox 310 2366 439 2439; x_wconf 87' lang='lat' dir='ltr'>passive</span> <span class='ocrx_word' id='word_1_198' title='bbox 473 2369 603 2439; x_wconf 91' lang='lat' dir='ltr'>sumpta</span> <span class='ocrx_word' id='word_1_199' title='bbox 634 2367 684 2423; x_wconf 86' lang='lat' dir='ltr'>est</span> <span class='ocrx_word' id='word_1_200' title='bbox 709 2367 821 2424; x_wconf 86' lang='lat' dir='ltr'>coacta</span> <span class='ocrx_word' id='word_1_201' title='bbox 843 2366 1000 2438; x_wconf 91' lang='lat' dir='ltr'>respectu</span> <span class='ocrx_word' id='word_1_202' title='bbox 1025 2360 1129 2431; x_wconf 89' lang='lat' dir='ltr'>canis;</span> 
     </span>
     <span class='ocr_line' id='line_1_28' title="bbox 110 2439 1128 2521; baseline -0.001 -20"><span class='ocrx_word' id='word_1_203' title='bbox 110 2439 264 2502; x_wconf 89' lang='lat' dir='ltr'>deductio</span> <span class='ocrx_word' id='word_1_204' title='bbox 280 2442 420 2503; x_wconf 90' lang='lat' dir='ltr'>hominis</span> <span class='ocrx_word' id='word_1_205' title='bbox 441 2442 475 2501; x_wconf 93' lang='lat' dir='ltr'>in</span> <span class='ocrx_word' id='word_1_206' title='bbox 491 2458 669 2516; x_wconf 88' lang='lat' dir='ltr'>carcerem,</span> <span class='ocrx_word' id='word_1_207' title='bbox 692 2442 809 2503; x_wconf 89' lang='lat' dir='ltr'>dicitur</span> <span class='ocrx_word' id='word_1_208' title='bbox 827 2443 958 2521; x_wconf 90' lang='lat' dir='ltr'>proprie</span> <span class='ocrx_word' id='word_1_209' title='bbox 977 2442 1128 2501; x_wconf 84' lang='lat' dir='ltr'>involun-</span> 
     </span>
     <span class='ocr_line' id='line_1_29' title="bbox 109 2520 644 2600; baseline 0 -19"><span class='ocrx_word' id='word_1_210' title='bbox 109 2520 190 2582; x_wconf 89' lang='lat' dir='ltr'>taria</span> <span class='ocrx_word' id='word_1_211' title='bbox 204 2527 361 2597; x_wconf 90' lang='lat' dir='ltr'>respectu</span> <span class='ocrx_word' id='word_1_212' title='bbox 375 2523 478 2600; x_wconf 86' lang='lat' dir='ltr'>ipsius</span> <span class='ocrx_word' id='word_1_213' title='bbox 492 2522 644 2583; x_wconf 73' lang='lat' dir='ltr'>hominis,</span> 
     </span>
    </p>
   </div>
   <div class='ocr_carea' id='block_1_3' title="bbox 110 2660 1128 2803">
    <p class='ocr_par' dir='ltr' id='par_1_5' title="bbox 110 2660 1128 2803">
     <span class='ocr_line' id='line_1_30' title="bbox 110 2660 1128 2739; baseline -0.004 -18"><span class='ocrx_word' id='word_1_214' title='bbox 110 2660 157 2722; x_wconf 88' lang='lat'>10.</span> <span class='ocrx_word' id='word_1_215' title='bbox 174 2691 214 2705; x_wconf 50' lang='grc' dir='ltr'>υ-</span> <span class='ocrx_word' id='word_1_216' title='bbox 227 2663 334 2723; x_wconf 81' lang='lat' dir='ltr'>Tarsis</span> <span class='ocrx_word' id='word_1_217' title='bbox 354 2664 363 2722; x_wconf 94' lang='lat' dir='ltr'>l</span> <span class='ocrx_word' id='word_1_218' title='bbox 391 2662 542 2723; x_wconf 79' lang='lat' dir='ltr'>Voluntas</span> <span class='ocrx_word' id='word_1_219' title='bbox 560 2665 652 2723; x_wconf 81' lang='lat' dir='ltr'>cerie</span> <span class='ocrx_word' id='word_1_220' title='bbox 675 2662 810 2725; x_wconf 79' lang='lat' dir='ltr'>alliciet</span> <span class='ocrx_word' id='word_1_221' title='bbox 828 2663 955 2724; x_wconf 76' lang='lat' dir='ltr'>retrahi</span> <span class='ocrx_word' id='word_1_222' title='bbox 967 2664 1072 2739; x_wconf 77' lang='lat' dir='ltr'>potest</span> <span class='ocrx_word' id='word_1_223' title='bbox 1096 2661 1128 2718; x_wconf 81' lang='lat' dir='ltr'>iti</span> 
     </span>
     <span class='ocr_line' id='line_1_31' title="bbox 148 2740 542 2803; baseline 0.005 -2"><span class='ocrx_word' id='word_1_224' title='bbox 148 2742 217 2802; x_wconf 78' lang='lat' dir='ltr'>otiis</span> <span class='ocrx_word' id='word_1_225' title='bbox 231 2742 354 2803; x_wconf 79' lang='lat' dir='ltr'>actibus</span> <span class='ocrx_word' id='word_1_226' title='bbox 369 2740 542 2803; x_wconf 71' lang='lat' dir='ltr'>eliciendis</span> 
     </span>
    </p>
   </div>
   <div class='ocr_carea' id='block_1_4' title="bbox 104 2872 1130 3571">
    <p class='ocr_par' dir='ltr' id='par_1_6' title="bbox 104 2872 1129 3272">
     <span class='ocr_line' id='line_1_32' title="bbox 147 2872 1129 2951; baseline 0 -20"><span class='ocrx_word' id='word_1_227' title='bbox 147 2872 321 2933; x_wconf 79' lang='lat' dir='ltr'>Probatur.</span> <span class='ocrx_word' id='word_1_228' title='bbox 333 2873 446 2933; x_wconf 78' lang='lat' dir='ltr'>Nullus</span> <span class='ocrx_word' id='word_1_229' title='bbox 457 2875 621 2951; x_wconf 89' lang='lat' dir='ltr'>appetitus</span> <span class='ocrx_word' id='word_1_230' title='bbox 635 2872 740 2934; x_wconf 84' lang='lat' dir='ltr'>fertur</span> <span class='ocrx_word' id='word_1_231' title='bbox 749 2874 783 2934; x_wconf 94' lang='lat' dir='ltr'>in</span> <span class='ocrx_word' id='word_1_232' title='bbox 793 2872 828 2936; x_wconf 94' lang='lat' dir='ltr'>id</span> <span class='ocrx_word' id='word_1_233' title='bbox 839 2872 928 2951; x_wconf 91' lang='lat' dir='ltr'>quod</span> <span class='ocrx_word' id='word_1_234' title='bbox 944 2872 1129 2949; x_wconf 87' lang='lat' dir='ltr'>apprehen·</span> 
     </span>
     <span class='ocr_line' id='line_1_33' title="bbox 107 2948 1125 3031; baseline 0 -21"><span class='ocrx_word' id='word_1_235' title='bbox 107 2948 156 3010; x_wconf 92' lang='lat' dir='ltr'>dit</span> <span class='ocrx_word' id='word_1_236' title='bbox 177 2952 240 3013; x_wconf 90' lang='lat' dir='ltr'>sibi</span> <span class='ocrx_word' id='word_1_237' title='bbox 264 2968 338 3013; x_wconf 89' lang='lat' dir='ltr'>esse</span> <span class='ocrx_word' id='word_1_238' title='bbox 364 2951 629 3023; x_wconf 70' lang='lat' dir='ltr'>disconveniens</span> <span class='ocrx_word' id='word_1_239' title='bbox 653 2970 717 3015; x_wconf 89' lang='lat' dir='ltr'>nec</span> <span class='ocrx_word' id='word_1_240' title='bbox 740 2953 867 3031; x_wconf 89' lang='lat' dir='ltr'>respuit</span> <span class='ocrx_word' id='word_1_241' title='bbox 892 2952 983 3031; x_wconf 92' lang='lat' dir='ltr'>quod</span> <span class='ocrx_word' id='word_1_242' title='bbox 1005 2966 1125 3013; x_wconf 91' lang='lat' dir='ltr'>conve-</span> 
     </span>
     <span class='ocr_line' id='line_1_34' title="bbox 106 3030 1128 3110; baseline -0.001 -20"><span class='ocrx_word' id='word_1_243' title='bbox 106 3030 203 3091; x_wconf 88' lang='lat' dir='ltr'>niens</span> <span class='ocrx_word' id='word_1_244' title='bbox 219 3036 252 3091; x_wconf 90' lang='lat' dir='ltr'>et</span> <span class='ocrx_word' id='word_1_245' title='bbox 268 3031 462 3093; x_wconf 87' lang='lat' dir='ltr'>delectabile</span> <span class='ocrx_word' id='word_1_246' title='bbox 478 3033 625 3110; x_wconf 89' lang='lat' dir='ltr'>percipit.</span> <span class='ocrx_word' id='word_1_247' title='bbox 641 3035 769 3096; x_wconf 87' lang='lat' dir='ltr'>Etenim</span> <span class='ocrx_word' id='word_1_248' title='bbox 783 3034 908 3095; x_wconf 87' lang='lat' dir='ltr'>honum</span> <span class='ocrx_word' id='word_1_249' title='bbox 924 3032 984 3093; x_wconf 88' lang='lat' dir='ltr'>sub</span> <span class='ocrx_word' id='word_1_250' title='bbox 1000 3032 1128 3091; x_wconf 88' lang='lat' dir='ltr'>ratione</span> 
     </span>
     <span class='ocr_line' id='line_1_35' title="bbox 104 3109 1127 3191; baseline -0.001 -21"><span class='ocrx_word' id='word_1_251' title='bbox 104 3109 185 3173; x_wconf 91' lang='lat' dir='ltr'>boni</span> <span class='ocrx_word' id='word_1_252' title='bbox 209 3112 319 3172; x_wconf 89' lang='lat' dir='ltr'>nultus</span> <span class='ocrx_word' id='word_1_253' title='bbox 344 3112 507 3189; x_wconf 87' lang='lat' dir='ltr'>appetitus</span> <span class='ocrx_word' id='word_1_254' title='bbox 538 3112 648 3174; x_wconf 89' lang='lat' dir='ltr'>odisse</span> <span class='ocrx_word' id='word_1_255' title='bbox 677 3118 798 3191; x_wconf 90' lang='lat' dir='ltr'>potest,</span> <span class='ocrx_word' id='word_1_256' title='bbox 829 3128 893 3174; x_wconf 89' lang='lat' dir='ltr'>nec</span> <span class='ocrx_word' id='word_1_257' title='bbox 919 3112 1040 3172; x_wconf 86' lang='lat' dir='ltr'>malum</span> <span class='ocrx_word' id='word_1_258' title='bbox 1066 3109 1127 3171; x_wconf 92' lang='lat' dir='ltr'>sub</span> 
     </span>
     <span class='ocr_line' id='line_1_36' title="bbox 106 3191 662 3272; baseline 0.007 -23"><span class='ocrx_word' id='word_1_259' title='bbox 106 3192 235 3251; x_wconf 89' lang='lat' dir='ltr'>ratione</span> <span class='ocrx_word' id='word_1_260' title='bbox 250 3192 328 3251; x_wconf 92' lang='lat' dir='ltr'>mali</span> <span class='ocrx_word' id='word_1_261' title='bbox 341 3191 498 3270; x_wconf 91' lang='lat' dir='ltr'>prosequi</span> <span class='ocrx_word' id='word_1_262' title='bbox 514 3192 562 3269; x_wconf 86' lang='lat' dir='ltr'>(tt,</span> <span class='ocrx_word' id='word_1_263' title='bbox 579 3191 662 3272; x_wconf 86' lang='grc'>206).</span> 
     </span>
    </p>

    <p class='ocr_par' dir='ltr' id='par_1_7' title="bbox 106 3269 1130 3571">
     <span class='ocr_line' id='line_1_37' title="bbox 144 3269 1128 3350; baseline 0.006 -20"><span class='ocrx_word' id='word_1_264' title='bbox 144 3271 245 3347; x_wconf 85' lang='lat' dir='ltr'>Atqui</span> <span class='ocrx_word' id='word_1_265' title='bbox 262 3270 426 3349; x_wconf 74' lang='lat' dir='ltr'>Judicium</span> <span class='ocrx_word' id='word_1_266' title='bbox 446 3274 632 3333; x_wconf 89' lang='lat' dir='ltr'>intellectus</span> <span class='ocrx_word' id='word_1_267' title='bbox 657 3273 747 3334; x_wconf 85' lang='lat' dir='ltr'>varie</span> <span class='ocrx_word' id='word_1_268' title='bbox 772 3272 942 3350; x_wconf 88' lang='lat' dir='ltr'>objectum</span> <span class='ocrx_word' id='word_1_269' title='bbox 966 3269 1128 3346; x_wconf 78' lang='lat' dir='ltr'>exprimit.</span> 
     </span>
     <span class='ocr_line' id='line_1_38' title="bbox 106 3349 1130 3429; baseline 0.001 -20"><span class='ocrx_word' id='word_1_270' title='bbox 106 3352 139 3410; x_wconf 89' lang='lat' dir='ltr'>et</span> <span class='ocrx_word' id='word_1_271' title='bbox 152 3350 230 3426; x_wconf 87' lang='lat' dir='ltr'>plus</span> <span class='ocrx_word' id='word_1_272' title='bbox 245 3354 395 3412; x_wconf 86' lang='lat' dir='ltr'>minusve</span> <span class='ocrx_word' id='word_1_273' title='bbox 409 3352 515 3413; x_wconf 86' lang='lat' dir='ltr'>vivide</span> <span class='ocrx_word' id='word_1_274' title='bbox 531 3351 700 3429; x_wconf 90' lang='lat' dir='ltr'>nitideque</span> <span class='ocrx_word' id='word_1_275' title='bbox 715 3354 871 3429; x_wconf 90' lang='lat' dir='ltr'>proponit</span> <span class='ocrx_word' id='word_1_276' title='bbox 883 3356 920 3412; x_wconf 92' lang='lat' dir='ltr'>ut</span> <span class='ocrx_word' id='word_1_277' title='bbox 939 3349 1060 3411; x_wconf 84' lang='lat' dir='ltr'>odibile</span> <span class='ocrx_word' id='word_1_278' title='bbox 1075 3351 1130 3410; x_wconf 91' lang='lat' dir='ltr'>vel</span> 
     </span>
     <span class='ocr_line' id='line_1_39' title="bbox 106 3427 1128 3510; baseline -0.001 -21"><span class='ocrx_word' id='word_1_279' title='bbox 106 3427 317 3491; x_wconf 85' lang='lat' dir='ltr'>delectabile.</span> <span class='ocrx_word' id='word_1_280' title='bbox 333 3432 418 3508; x_wconf 85' lang='lat' dir='ltr'>Ergo</span> <span class='ocrx_word' id='word_1_281' title='bbox 434 3448 494 3507; x_wconf 88' lang='lat' dir='ltr'>per</span> <span class='ocrx_word' id='word_1_282' title='bbox 508 3431 588 3492; x_wconf 86' lang='lat' dir='ltr'>illud</span> <span class='ocrx_word' id='word_1_283' title='bbox 605 3431 770 3510; x_wconf 87' lang='lat' dir='ltr'>judicium</span> <span class='ocrx_word' id='word_1_284' title='bbox 784 3433 936 3494; x_wconf 82' lang='lat' dir='ltr'>voluntas</span> <span class='ocrx_word' id='word_1_285' title='bbox 950 3432 1040 3492; x_wconf 88' lang='lat' dir='ltr'>varie</span> <span class='ocrx_word' id='word_1_286' title='bbox 1056 3428 1128 3489; x_wconf 88' lang='lat' dir='ltr'>alti-</span> 
     </span>
     <span class='ocr_line' id='line_1_40' title="bbox 107 3508 456 3571; baseline 0.006 -2"><span class='ocrx_word' id='word_1_287' title='bbox 107 3508 191 3569; x_wconf 90' lang='lat' dir='ltr'>citur</span> <span class='ocrx_word' id='word_1_288' title='bbox 204 3510 258 3571; x_wconf 87' lang='lat' dir='ltr'>vet</span> <span class='ocrx_word' id='word_1_289' title='bbox 271 3512 456 3571; x_wconf 89' lang='lat' dir='ltr'>retrahitur.</span> 
     </span>
    </p>
   </div>
   <div class='ocr_carea' id='block_1_5' title="bbox 0 0 1326 4250">
    <p class='ocr_par' dir='ltr' id='par_1_8' title="bbox 0 0 1326 4250">
     <span class='ocr_line' id='line_1_41' title="bbox 0 0 1326 4250; baseline 0 1"><span class='ocrx_word' id='word_1_290' title='bbox 0 0 1326 4250; x_wconf 95' lang='lat' dir='ltr'> </span> 
     </span>
    </p>
   </div>
  </div>
 </body>
</html>
