2642 4250
450 303 552 346 s‘nncs
574 300 731 346 saucians,
1042 282 1101 344 189

69 417 188 478 etiam
210 417 409 493 temporales
438 422 472 477 et
501 418 700 494 corporales,
736 415 868 493 quando
899 417 1097 478 necessarior

67 505 164 559 sunt
184 501 332 558 :etenim
355 501 495 559 societas
518 497 742 557 ecclesiastica
764 511 830 556 non
854 502 983 557 constat
1007 498 1097 574 puris

69 578 264 654 spiritibus,
285 577 346 637 sed
369 577 556 638 bominibus
584 580 642 653 qui
663 581 878 636 contumaces
900 581 934 636 et
953 577 1096 638 rebelles

72 672 162 718 esse
177 663 326 734 possunt.
343 657 441 736 Origo
458 671 643 733 poenarum,
659 663 696 717 ut
719 661 820 733 patet,
838 662 888 716 est
910 657 1095 717 necessitas

75 739 199 798 tutelae
230 737 354 798 ordinis
375 737 519 809 socialis;
549 734 623 796 finis
655 733 861 808 eorumdem,
892 738 1097 797 conservatio

74 817 239 896 eJ'usdem
260 816 400 889 ordinis;
418 833 497 894 ergo
512 816 660 876 extensio
683 833 852 892 poenarum
875 832 893 876 a
914 818 1099 876 necessita-

75 901 126 959 tis
142 898 239 976 bujus
253 897 329 975 lege
345 902 469 956 tantum
497 900 716 957 mensuratur.

126 979 202 1038 llaec
210 982 359 1054 potestas
370 975 504 1052 speciali
519 977 611 1036 titulo
627 991 688 1034 seu
705 976 859 1036 divinitus
875 975 1029 1053 insignita
1038 973 1099 1036 suit

76 1058 313 1135 praerogativis
347 1055 524 1117 admodum
553 1056 775 1133 singularibus
807 1075 814 1114 :
851 1058 1031 1116 incarnatio
1061 1058 1095 1116 in

75 1137 149 1198 lide
166 1142 200 1198 et
219 1137 495 1212 indefectibit'itate
514 1139 547 1197 in
575 1136 743 1204 charitate,
770 1136 865 1194 itaut
881 1136 1098 1196 constituatur

77 1220 170 1278 testis
189 1217 290 1294 plane
319 1216 527 1276 authenticus
555 1214 787 1277 mandatorum
820 1214 1014 1285 divinorum,
1038 1232 1098 1276 seu

80 1297 203 1358 divinae
218 1297 437 1366 revelationis,
445 1297 551 1372 judea
563 1296 751 1370 infallibilis
760 1296 909 1355 omnium
924 1295 1097 1355 dubiorum

81 1379 171 1438 cirea
201 1393 255 1437 res
287 1393 306 1437 a
335 1378 403 1436 Deo
435 1374 607 1446 revelatas,
643 1391 705 1435 seu
733 1391 849 1434 omnes
878 1391 1012 1451 prorsus
1037 1377 1096 1436 Dei

78 1458 270 1518 voluntates
298 1460 453 1533 respectu
473 1455 617 1516 universi
645 1455 760 1533 populi
783 1454 901 1526 fidelis,
938 1456 1098 1532 magistra

80 1539 245 1598 tutissima
259 1539 345 1598 viam
367 1535 491 1596 docens
506 1551 580 1612 quae
592 1535 634 1594 ad
649 1538 785 1612 patriam
802 1536 974 1596 coelestem
992 1535 1093 1596 ducit.

122 1621 161 1678 At
182 1618 269 1677 sicut
289 1616 431 1677 Ecclesia
446 1621 497 1675 est
511 1617 652 1675 societas
667 1615 812 1686 visibilis,
831 1622 862 1675 et
882 1615 999 1678 mediis
1023 1631 1095 1676 sen-

81 1697 230 1758 sibilibus
252 1713 291 1757 ac
312 1697 406 1756 bonis
422 1697 657 1772 temporalibus
673 1694 801 1772 indiget
822 1693 864 1755 ad
880 1712 974 1756 suum
996 1695 1097 1756 finem

82 1776 302 1838 obtinendum
318 1775 411 1854 (290),
428 1776 472 1835 ita
496 1791 652 1852 supremo
678 1775 818 1853 principi
838 1776 938 1855 hujus
960 1777 1093 1837 societa-

87 1859 126 1916 tis
139 1857 261 1916 mediis
277 1859 377 1917 etiam
391 1857 627 1932 temporalibus
649 1872 733 1932 opus
749 1860 809 1914 est.
828 1855 898 1928 Qua
914 1855 956 1916 de
974 1873 1071 1918 causa
1082 1876 1095 1928 ,ς

85 1979 152 2040 318.
178 2012 217 2020 —-
242 1980 359 2038 Tarsis
384 1981 487 2038 taeta
507 1978 714 2040 ordinariam
738 1979 949 2038 Providentiae
977 1979 1096 2055 tepent,

122 2059 228 2118 ciuilis
253 2059 455 2133 principatus
484 2064 527 2118 est
555 2057 702 2131 Pontifici
721 2059 865 2116 Parnaco
893 2076 948 2118 seu
969 2074 1095 2118 samnio

121 2138 262 2199 Prasuti
273 2139 433 2198 societatis
444 2138 604 2214 rettqiosa
620 2139 748 2198 omuino
764 2140 970 2211 universalia,
986 2156 1092 2201 neces·
1167 2142 1169 2145 ’

121 2220 232 2280 sarius
246 2221 291 2277 ad
311 2219 502 2277 exercitium
514 2234 580 2277 suae
596 2218 765 2291 potestatis
777 2218 970 2292 spiritualis,

120 2334 216 2394 Nota.
234 2332 289 2393 llic
313 2330 422 2405 agitur
442 2330 483 2391 de
508 2336 595 2390 statu
615 2330 754 2390 normali
777 2335 810 2390 et
834 2329 968 2406 pacifico
985 2333 1093 2392 Eccle-

84 2415 154 2482 siae,
177 2416 278 2488 atque
295 2410 336 2471 de
359 2409 546 2471 conditione
561 2412 751 2470 necessaria
766 2412 798 2469 in
813 2412 970 2487 praesenti
986 2414 1090 2473 socie·

86 2492 160 2552 tatis
180 2492 335 2551 humanae
358 2491 495 2550 ratione.
523 2492 557 2549 ln
586 2490 750 2565 prioribus
775 2491 929 2553 Ecclesiae
948 2492 1091 2565 saeculiS,

83 2571 257 2633 Pontifices
283 2571 317 2631 in
344 2572 466 2649 cryptis
488 2568 730 2641 delitescentes
754 2571 807 2630 vel
829 2572 1014 2632 carceribus
1038 2571 1093 2632 de-

12 2703 13 2708 ,
84 2653 178 2720 tenti,
196 2655 284 2712 certo
296 2667 363 2710 non
378 2650 544 2710 habebant
558 2648 600 2709 de
614 2646 701 2711 iacto
719 2651 846 2711 civilem
860 2653 1091 2728 principatum,

12 2775 13 2806 3
86 2737 120 2792 et
140 2730 285 2791 Christus
308 2728 514 2806 providentia
536 2728 682 2805 speciali,
706 2729 871 2807 planeque
894 2736 1090 2808 supernatu-

86 2812 155 2882 rali,
178 2810 333 2870 Ecclesiae
356 2824 427 2869 suae
442 2808 539 2869 saluti
560 2808 789 2885 prospiciebat.

12 2889 13 2935 ἲ
123 2891 286 2951 Probatur
306 2891 330 2949 l.
355 2891 520 2950 Romanus
544 2886 705 2957 Pontifex,
730 2894 768 2949 ut
788 2894 902 2966 pastor
920 2896 953 2951 et
983 2895 1092 2955 rector
1143 2930 1146 2935 ‹

86 2970 324 3040 universorum,
361 2969 462 3030 debet
481 2984 579 3045 aeque
607 2969 746 3029 allectus
769 2986 842 3030 esse
867 2986 946 3048 erga
974 2986 1091 3032 omnes

12 3051 13 3089 ἰ
84 3048 233 3126 populos,
259 3064 321 3109 seu
341 3064 420 3127 erga
441 3064 558 3109 omnes
579 3064 657 3109 suos
684 3047 778 3123 filios,
805 3054 837 3109 et
857 3052 1000 3112 vicissim
1023 3066 1091 3111 orn-

85 3131 172 3190 nium
202 3130 353 3206 gentium
382 3128 535 3189 fiduciam
566 3128 726 3189 obtinere.
755 3130 853 3191 Porro
889 3134 918 3192 1⁰
939 3132 966 3191 si
995 3131 1089 3191 alicui
1164 3160 1165 3163 ¹
1267 3168 1268 3171 =
1309 3146 1310 3151 ¹

85 3209 237 3285 potestati
258 3209 399 3287 politicae
422 3214 512 3269 esset
532 3208 714 3286 subjectus,
734 3209 804 3287 Jam
817 3227 885 3271 non
906 3216 1020 3287 posset
1034 3215 1091 3271 aut

84 3290 198 3349 saltem
218 3305 285 3351 non
305 3287 473 3350 videretur
495 3287 649 3349 eamdem
671 3290 821 3351 omnibus
837 3290 1090 3352 sollicitudinem
1188 3329 1192 3345 .

84 3375 250 3445 praestare,
286 3373 343 3429 aut
376 3373 464 3429 certo
495 3384 556 3444 per
585 3385 684 3429 snum
713 3374 835 3431 statum
870 3371 948 3431 civis
981 3372 1088 3433 alieno

83 3448 242 3528 gubernio
256 3448 391 3520 subditi,
411 3449 566 3509 continuo
590 3455 766 3509 acueretur
787 3450 879 3510 adse
899 3453 1089 3516 exuendum

82 3529 139 3590 hac
162 3528 376 3590 benevolenti
401 3533 433 3588 et
458 3544 554 3606 aequa
582 3532 815 3605 propensione.
841 3531 925 3609 Ergo
947 3530 981 3591 in
1003 3536 1090 3593 statu

82 3609 237 3671 anormali
260 3610 524 3678 constitueretur,
541 3612 575 3668 et
596 3609 705 3685 aliqua
728 3613 819 3684 parte
834 3626 903 3669 suae
928 3610 1088 3672 libertatis

81 3692 273 3766 privaretur,
290 3694 510 3766 praeterquam
531 3688 620 3765 quod
646 3690 803 3749 totalitate
826 3692 972 3753 exercitii
986 3692 1088 3754 liber-
