<?xml version="1.0" encoding="UTF-8"?>
<!DOCTYPE html PUBLIC "-//W3C//DTD XHTML 1.0 Transitional//EN"
    "http://www.w3.org/TR/xhtml1/DTD/xhtml1-transitional.dtd">
<html xmlns="http://www.w3.org/1999/xhtml" xml:lang="en" lang="en">
 <head>
  <title>
</title>
<meta http-equiv="Content-Type" content="text/html;charset=utf-8" />
  <meta name='ocr-system' content='tesseract 3.04.00' />
  <meta name='ocr-capabilities' content='ocr_page ocr_carea ocr_par ocr_line ocrx_word'/>
</head>
<body>
  <div class='ocr_page' id='page_1' title='image "./brevariumphilos00grangoog_0196.png"; bbox 0 0 2642 4250; ppageno 0'>
   <div class='ocr_carea' id='block_1_1' title="bbox 1083 9 1193 56">
    <p class='ocr_par' dir='ltr' id='par_1_1' title="bbox 1083 9 1294 152">
     <span class='ocr_line' id='line_1_1' title="bbox 1083 9 1193 56; baseline -0.033 -18"><span class='ocrx_word' id='word_1_1' title='bbox 1083 9 1095 38; x_wconf 79' lang='lat' dir='ltr'>t&#39;</span> <span class='ocrx_word' id='word_1_2' title='bbox 1108 9 1193 56; x_wconf 46' lang='grc' dir='ltr'>ἕψῃ</span> 
     </span>
    </p>
   </div>
   <div class='ocr_carea' id='block_1_2' title="bbox 226 273 932 335">
    <p class='ocr_par' dir='ltr' id='par_1_2' title="bbox 226 273 932 335">
     <span class='ocr_line' id='line_1_2' title="bbox 226 273 932 335; baseline -0.006 -2"><span class='ocrx_word' id='word_1_3' title='bbox 226 273 283 333; x_wconf 83' lang='grc'>184</span> <span class='ocrx_word' id='word_1_4' title='bbox 532 283 710 335; x_wconf 75' lang='lat' dir='ltr'>annvianruu</span> <span class='ocrx_word' id='word_1_5' title='bbox 732 288 932 332; x_wconf 80' lang='lat' dir='ltr'>rnrcosoruun</span> 
     </span>
    </p>
   </div>
   <div class='ocr_carea' id='block_1_3' title="bbox 172 400 1298 3750">
    <p class='ocr_par' dir='ltr' id='par_1_3' title="bbox 222 400 1295 722">
     <span class='ocr_line' id='line_1_3' title="bbox 225 400 1233 480; baseline 0.001 -13"><span class='ocrx_word' id='word_1_6' title='bbox 225 406 395 468; x_wconf 74' lang='lat' dir='ltr'>cium.·ln</span> <span class='ocrx_word' id='word_1_7' title='bbox 428 406 491 466; x_wconf 91' lang='lat' dir='ltr'>hoc</span> <span class='ocrx_word' id='word_1_8' title='bbox 529 421 617 473; x_wconf 85' lang='lat' dir='ltr'>casu,</span> <span class='ocrx_word' id='word_1_9' title='bbox 654 405 819 464; x_wconf 87' lang='lat' dir='ltr'>Romanus</span> <span class='ocrx_word' id='word_1_10' title='bbox 863 400 1011 464; x_wconf 81' lang='lat' dir='ltr'><strong>Pontifex</strong></span> <span class='ocrx_word' id='word_1_11' title='bbox 1042 401 1098 480; x_wconf 88' lang='lat' dir='ltr'>jus</span> <span class='ocrx_word' id='word_1_12' title='bbox 1134 402 1233 480; x_wconf 90' lang='lat' dir='ltr'>ipsius</span> 
     </span>
     <span class='ocr_line' id='line_1_4' title="bbox 224 482 1295 564; baseline 0 -17"><span class='ocrx_word' id='word_1_13' title='bbox 224 486 341 547; x_wconf 85' lang='lat' dir='ltr'>Christi</span> <span class='ocrx_word' id='word_1_14' title='bbox 360 485 506 564; x_wconf 69' lang='lat' dir='ltr'>iubentis</span> <span class='ocrx_word' id='word_1_15' title='bbox 527 485 672 545; x_wconf 88' lang='lat' dir='ltr'>violaret.</span> <span class='ocrx_word' id='word_1_16' title='bbox 689 485 785 562; x_wconf 80' lang='lat' dir='ltr'>Ergo,</span> <span class='ocrx_word' id='word_1_17' title='bbox 809 484 907 544; x_wconf 82' lang='lat' dir='ltr'>etiem</span> <span class='ocrx_word' id='word_1_18' title='bbox 928 482 1058 543; x_wconf 80' lang='lat' dir='ltr'>adhaec</span> <span class='ocrx_word' id='word_1_19' title='bbox 1080 483 1233 548; x_wconf 90' lang='lat' dir='ltr'>solemnia</span> <span class='ocrx_word' id='word_1_20' title='bbox 1294 519 1295 556; x_wconf 59' lang='grc' dir='ltr'><strong>ι</strong></span> 
     </span>
     <span class='ocr_line' id='line_1_5' title="bbox 224 559 1295 638; baseline 0 -12"><span class='ocrx_word' id='word_1_21' title='bbox 224 565 362 635; x_wconf 67' lang='lat' dir='ltr'>foedera,</span> <span class='ocrx_word' id='word_1_22' title='bbox 396 581 462 625; x_wconf 94' lang='lat' dir='ltr'>non</span> <span class='ocrx_word' id='word_1_23' title='bbox 495 580 593 624; x_wconf 92' lang='lat' dir='ltr'>secus</span> <span class='ocrx_word' id='word_1_24' title='bbox 623 581 663 623; x_wconf 88' lang='lat' dir='ltr'>ac</span> <span class='ocrx_word' id='word_1_25' title='bbox 694 563 736 624; x_wconf 86' lang='lat' dir='ltr'>ad</span> <span class='ocrx_word' id='word_1_26' title='bbox 767 565 951 624; x_wconf 87' lang='lat' dir='ltr'>contractus</span> <span class='ocrx_word' id='word_1_27' title='bbox 981 559 1068 622; x_wconf 88' lang='lat' dir='ltr'>inter</span> <span class='ocrx_word' id='word_1_28' title='bbox 1096 563 1233 638; x_wconf 79' lang='lat' dir='ltr'>privatos</span> <span class='ocrx_word' id='word_1_29' title='bbox 1294 569 1295 574; x_wconf 76' lang='grc'>’</span> 
     </span>
     <span class='ocr_line' id='line_1_6' title="bbox 222 642 862 722; baseline -0.009 -14"><span class='ocrx_word' id='word_1_30' title='bbox 222 645 386 715; x_wconf 89' lang='lat' dir='ltr'>homines,</span> <span class='ocrx_word' id='word_1_31' title='bbox 408 643 585 720; x_wconf 79' lang='lat' dir='ltr'>requiritur</span> <span class='ocrx_word' id='word_1_32' title='bbox 606 644 750 722; x_wconf 80' lang='lat' dir='ltr'>materia¹</span> <span class='ocrx_word' id='word_1_33' title='bbox 764 642 862 703; x_wconf 89' lang='lat' dir='ltr'>licita.</span> 
     </span>
    </p>

    <p class='ocr_par' dir='ltr' id='par_1_4' title="bbox 223 721 1296 963">
     <span class='ocr_line' id='line_1_7' title="bbox 262 721 1229 800; baseline -0.005 -14"><span class='ocrx_word' id='word_1_34' title='bbox 262 727 332 786; x_wconf 74' lang='lat'>312.</span> <span class='ocrx_word' id='word_1_35' title='bbox 356 758 393 767; x_wconf 94' lang='lat'><em>-</em></span> <span class='ocrx_word' id='word_1_36' title='bbox 415 725 592 784; x_wconf 81' lang='lat' dir='ltr'>Sobotium.</span> <span class='ocrx_word' id='word_1_37' title='bbox 616 723 648 782; x_wconf 90' lang='lat' dir='ltr'>S.</span> <span class='ocrx_word' id='word_1_38' title='bbox 672 723 745 783; x_wconf 91' lang='lat' dir='ltr'>Pius</span> <span class='ocrx_word' id='word_1_39' title='bbox 767 721 947 800; x_wconf 83' lang='lat' dir='ltr'>V&#39;negavit</span> <span class='ocrx_word' id='word_1_40' title='bbox 967 735 1004 780; x_wconf 90' lang='lat' dir='ltr'>se</span> <span class='ocrx_word' id='word_1_41' title='bbox 1026 737 1124 797; x_wconf 83' lang='lat' dir='ltr'>posse</span> <span class='ocrx_word' id='word_1_42' title='bbox 1146 723 1229 797; x_wconf 93' lang='lat' dir='ltr'>prin·</span> 
     </span>
     <span class='ocr_line' id='line_1_8' title="bbox 224 799 1235 882; baseline -0.001 -17"><span class='ocrx_word' id='word_1_43' title='bbox 224 806 350 882; x_wconf 84' lang='lat' dir='ltr'>cipibus</span> <span class='ocrx_word' id='word_1_44' title='bbox 372 815 531 881; x_wconf 87' lang='lat' dir='ltr'>perpetuo</span> <span class='ocrx_word' id='word_1_45' title='bbox 555 801 740 864; x_wconf 83' lang='lat' dir='ltr'>concedere</span> <span class='ocrx_word' id='word_1_46' title='bbox 759 800 953 862; x_wconf 71' lang='lat' dir='ltr'>facultatem</span> <span class='ocrx_word' id='word_1_47' title='bbox 972 799 1167 861; x_wconf 90' lang='lat' dir='ltr'>admittendi</span> <span class='ocrx_word' id='word_1_48' title='bbox 1186 805 1235 864; x_wconf 88' lang='lat' dir='ltr'>vel</span> 
     </span>
     <span class='ocr_line' id='line_1_9' title="bbox 223 879 1296 963; baseline -0.003 -18"><span class='ocrx_word' id='word_1_49' title='bbox 223 883 395 963; x_wconf 85' lang='lat' dir='ltr'>rejiciendi</span> <span class='ocrx_word' id='word_1_50' title='bbox 418 886 668 944; x_wconf 84' lang='lat' dir='ltr'>constitutiones</span> <span class='ocrx_word' id='word_1_51' title='bbox 690 882 896 959; x_wconf 81' lang='lat' dir='ltr'>apostolicas,</span> <span class='ocrx_word' id='word_1_52' title='bbox 919 881 995 940; x_wconf 90' lang='lat' dir='ltr'>licet</span> <span class='ocrx_word' id='word_1_53' title='bbox 1025 897 1117 940; x_wconf 88' lang='lat' dir='ltr'>rnere</span> <span class='ocrx_word' id='word_1_54' title='bbox 1141 879 1232 944; x_wconf 90' lang='lat' dir='ltr'>disci·</span> <span class='ocrx_word' id='word_1_55' title='bbox 1295 925 1296 950; x_wconf 36' lang='grc' dir='ltr'><strong>ι</strong></span> 
     </span>
    </p>

    <p class='ocr_par' dir='ltr' id='par_1_5' title="bbox 172 962 1297 1517">
     <span class='ocr_line' id='line_1_10' title="bbox 172 962 1296 1042; baseline -0.002 -17"><span class='ocrx_word' id='word_1_56' title='bbox 172 985 175 988; x_wconf 63' lang='grc'><strong><em>’</em></strong></span> <span class='ocrx_word' id='word_1_57' title='bbox 223 966 377 1042; x_wconf 86' lang='lat' dir='ltr'>plinares,</span> <span class='ocrx_word' id='word_1_58' title='bbox 411 980 472 1023; x_wconf 88' lang='lat' dir='ltr'>seu</span> <span class='ocrx_word' id='word_1_59' title='bbox 495 968 554 1040; x_wconf 78' lang='lat' dir='ltr'>jos</span> <span class='ocrx_word' id='word_1_60' title='bbox 581 964 699 1036; x_wconf 72' lang='lat' dir='ltr'>placite·</span> <span class='ocrx_word' id='word_1_61' title='bbox 727 963 821 1038; x_wconf 79' lang='lat' dir='ltr'>repit.</span> <span class='ocrx_word' id='word_1_62' title='bbox 855 962 945 1022; x_wconf 87' lang='lat' dir='ltr'>Ratio</span> <span class='ocrx_word' id='word_1_63' title='bbox 982 965 1031 1020; x_wconf 91' lang='lat' dir='ltr'>est</span> <span class='ocrx_word' id='word_1_64' title='bbox 1068 963 1144 1036; x_wconf 88' lang='lat' dir='ltr'>quia</span> <span class='ocrx_word' id='word_1_65' title='bbox 1168 965 1234 1024; x_wconf 90' lang='lat' dir='ltr'>sine</span> <span class='ocrx_word' id='word_1_66' title='bbox 1295 983 1296 988; x_wconf 45' lang='lat'>¹</span> 
     </span>
     <span class='ocr_line' id='line_1_11' title="bbox 222 1037 1234 1118; baseline -0.002 -13"><span class='ocrx_word' id='word_1_67' title='bbox 222 1049 318 1105; x_wconf 82' lang='lat' dir='ltr'>rectae</span> <span class='ocrx_word' id='word_1_68' title='bbox 351 1041 428 1105; x_wconf 90' lang='lat' dir='ltr'>fidei</span> <span class='ocrx_word' id='word_1_69' title='bbox 464 1048 498 1103; x_wconf 91' lang='lat' dir='ltr'>et</span> <span class='ocrx_word' id='word_1_70' title='bbox 532 1039 766 1118; x_wconf 86' lang='lat' dir='ltr'>perfectiorum</span> <span class='ocrx_word' id='word_1_71' title='bbox 796 1057 925 1101; x_wconf 88' lang='lat' dir='ltr'>morum</span> <span class='ocrx_word' id='word_1_72' title='bbox 959 1037 1132 1116; x_wconf 90' lang='lat' dir='ltr'>dispendio</span> <span class='ocrx_word' id='word_1_73' title='bbox 1166 1041 1234 1104; x_wconf 81' lang='lat' dir='ltr'>haec</span> 
     </span>
     <span class='ocr_line' id='line_1_12' title="bbox 222 1120 1232 1200; baseline -0.003 -16"><span class='ocrx_word' id='word_1_74' title='bbox 222 1124 370 1188; x_wconf 77' lang='lat' dir='ltr'>facultas,</span> <span class='ocrx_word' id='word_1_75' title='bbox 394 1123 541 1184; x_wconf 84' lang='lat' dir='ltr'>absolute</span> <span class='ocrx_word' id='word_1_76' title='bbox 564 1127 598 1182; x_wconf 92' lang='lat' dir='ltr'>et</span> <span class='ocrx_word' id='word_1_77' title='bbox 619 1125 774 1198; x_wconf 87' lang='lat' dir='ltr'>tanquam</span> <span class='ocrx_word' id='word_1_78' title='bbox 792 1121 848 1198; x_wconf 87' lang='lat' dir='ltr'>jus</span> <span class='ocrx_word' id='word_1_79' title='bbox 872 1136 997 1182; x_wconf 86' lang='lat' dir='ltr'>coronae</span> <span class='ocrx_word' id='word_1_80' title='bbox 1020 1120 1134 1200; x_wconf 86' lang='lat' dir='ltr'>regiae,</span> <span class='ocrx_word' id='word_1_81' title='bbox 1163 1137 1232 1181; x_wconf 92' lang='lat' dir='ltr'>con-</span> 
     </span>
     <span class='ocr_line' id='line_1_13' title="bbox 222 1199 1230 1278; baseline -0.004 -14"><span class='ocrx_word' id='word_1_82' title='bbox 222 1203 295 1264; x_wconf 88' lang='lat' dir='ltr'>cedi</span> <span class='ocrx_word' id='word_1_83' title='bbox 318 1218 384 1262; x_wconf 95' lang='lat' dir='ltr'>non</span> <span class='ocrx_word' id='word_1_84' title='bbox 404 1209 526 1278; x_wconf 87' lang='lat' dir='ltr'>posset.</span> <span class='ocrx_word' id='word_1_85' title='bbox 551 1203 621 1261; x_wconf 85' lang='lat' dir='ltr'>Haec</span> <span class='ocrx_word' id='word_1_86' title='bbox 643 1203 729 1261; x_wconf 88' lang='lat' dir='ltr'>enim</span> <span class='ocrx_word' id='word_1_87' title='bbox 756 1201 924 1260; x_wconf 88' lang='lat' dir='ltr'>concessio</span> <span class='ocrx_word' id='word_1_88' title='bbox 948 1199 1091 1275; x_wconf 85' lang='lat' dir='ltr'>aliquam</span> <span class='ocrx_word' id='word_1_89' title='bbox 1112 1202 1230 1276; x_wconf 90' lang='lat' dir='ltr'>impor-</span> 
     </span>
     <span class='ocr_line' id='line_1_14' title="bbox 223 1280 1231 1357; baseline -0.002 -14"><span class='ocrx_word' id='word_1_90' title='bbox 223 1289 270 1344; x_wconf 87' lang='lat' dir='ltr'>tat</span> <span class='ocrx_word' id='word_1_91' title='bbox 290 1280 532 1343; x_wconf 89' lang='lat' dir='ltr'>abdicationem</span> <span class='ocrx_word' id='word_1_92' title='bbox 548 1283 719 1357; x_wconf 91' lang='lat' dir='ltr'>potestatis</span> <span class='ocrx_word' id='word_1_93' title='bbox 734 1280 919 1357; x_wconf 83' lang='lat' dir='ltr'>legislativae</span> <span class='ocrx_word' id='word_1_94' title='bbox 936 1284 969 1339; x_wconf 91' lang='lat' dir='ltr'>et</span> <span class='ocrx_word' id='word_1_95' title='bbox 987 1281 1231 1354; x_wconf 64' lang='lat' dir='ltr'>gubernatores,</span> 
     </span>
     <span class='ocr_line' id='line_1_15' title="bbox 223 1360 1297 1440; baseline -0.002 -17"><span class='ocrx_word' id='word_1_96' title='bbox 223 1380 302 1440; x_wconf 80' lang='lat' dir='ltr'>quae,</span> <span class='ocrx_word' id='word_1_97' title='bbox 323 1361 417 1437; x_wconf 84' lang='lat' dir='ltr'>juxta</span> <span class='ocrx_word' id='word_1_98' title='bbox 439 1362 498 1421; x_wconf 86' lang='lat' dir='ltr'>Dei</span> <span class='ocrx_word' id='word_1_99' title='bbox 520 1360 664 1422; x_wconf 83' lang='lat' dir='ltr'>decreta.</span> <span class='ocrx_word' id='word_1_100' title='bbox 690 1361 791 1420; x_wconf 90' lang='lat' dir='ltr'>estin</span> <span class='ocrx_word' id='word_1_101' title='bbox 814 1375 850 1418; x_wconf 92' lang='lat' dir='ltr'>se</span> <span class='ocrx_word' id='word_1_102' title='bbox 872 1375 1025 1435; x_wconf 89' lang='lat' dir='ltr'>suprema</span> <span class='ocrx_word' id='word_1_103' title='bbox 1063 1365 1097 1420; x_wconf 94' lang='lat' dir='ltr'>et</span> <span class='ocrx_word' id='word_1_104' title='bbox 1124 1361 1235 1421; x_wconf 89' lang='lat' dir='ltr'>inalle-</span> <span class='ocrx_word' id='word_1_105' title='bbox 1296 1403 1297 1428; x_wconf 45' lang='lat' dir='ltr'>t</span> 
     </span>
     <span class='ocr_line' id='line_1_16' title="bbox 222 1439 1297 1517; baseline -0.008 -13"><span class='ocrx_word' id='word_1_106' title='bbox 222 1442 352 1512; x_wconf 67' lang='lat' dir='ltr'>nabilis</span> <span class='ocrx_word' id='word_1_107' title='bbox 374 1457 439 1500; x_wconf 92' lang='lat' dir='ltr'>non</span> <span class='ocrx_word' id='word_1_108' title='bbox 459 1457 557 1501; x_wconf 89' lang='lat' dir='ltr'>secus</span> <span class='ocrx_word' id='word_1_109' title='bbox 579 1457 616 1500; x_wconf 92' lang='lat' dir='ltr'>ac</span> <span class='ocrx_word' id='word_1_110' title='bbox 638 1445 707 1517; x_wconf 86' lang='lat' dir='ltr'>ipsa</span> <span class='ocrx_word' id='word_1_111' title='bbox 730 1439 885 1500; x_wconf 82' lang='lat' dir='ltr'>Ecclesia.</span> <span class='ocrx_word' id='word_1_112' title='bbox 1296 1439 1297 1446; x_wconf 75' lang='grc'>’</span> 
     </span>
    </p>

    <p class='ocr_par' dir='ltr' id='par_1_6' title="bbox 219 1519 1299 2553">
     <span class='ocr_line' id='line_1_17' title="bbox 262 1519 1231 1583; baseline -0.002 -1"><span class='ocrx_word' id='word_1_113' title='bbox 262 1524 332 1583; x_wconf 81' lang='grc'><strong>313.</strong></span> <span class='ocrx_word' id='word_1_114' title='bbox 354 1554 394 1563; x_wconf 94' lang='grc'>-</span> <span class='ocrx_word' id='word_1_115' title='bbox 416 1522 452 1580; x_wconf 90' lang='lat' dir='ltr'>il.</span> <span class='ocrx_word' id='word_1_116' title='bbox 481 1525 528 1580; x_wconf 86' lang='lat' dir='ltr'>De</span> <span class='ocrx_word' id='word_1_117' title='bbox 557 1522 671 1580; x_wconf 76' lang='lat' dir='ltr'>colore</span> <span class='ocrx_word' id='word_1_118' title='bbox 691 1523 720 1579; x_wconf 89' lang='lat' dir='ltr'>et</span> <span class='ocrx_word' id='word_1_119' title='bbox 741 1519 927 1582; x_wconf 76' lang='lat' dir='ltr'>rescissione</span> <span class='ocrx_word' id='word_1_120' title='bbox 956 1521 1231 1580; x_wconf 83' lang='lat' dir='ltr'>concordatorum.</span> 
     </span>
     <span class='ocr_line' id='line_1_18' title="bbox 225 1597 1235 1673; baseline -0.003 -10"><span class='ocrx_word' id='word_1_121' title='bbox 225 1600 254 1663; x_wconf 75' lang='lat'>1⁶</span> <span class='ocrx_word' id='word_1_122' title='bbox 275 1601 372 1660; x_wconf 89' lang='lat' dir='ltr'>Valor</span> <span class='ocrx_word' id='word_1_123' title='bbox 402 1599 829 1659; x_wconf 79' lang='lat' dir='ltr'>concordati-immed&#39;otos</span> <span class='ocrx_word' id='word_1_124' title='bbox 861 1601 910 1657; x_wconf 91' lang='lat' dir='ltr'>est</span> <span class='ocrx_word' id='word_1_125' title='bbox 940 1597 1030 1658; x_wconf 88' lang='lat' dir='ltr'>valor</span> <span class='ocrx_word' id='word_1_126' title='bbox 1060 1599 1148 1673; x_wconf 88' lang='lat' dir='ltr'>pacti</span> <span class='ocrx_word' id='word_1_127' title='bbox 1179 1617 1235 1660; x_wconf 91' lang='lat' dir='ltr'>seu</span> 
     </span>
     <span class='ocr_line' id='line_1_19' title="bbox 223 1677 1234 1755; baseline -0.002 -14"><span class='ocrx_word' id='word_1_128' title='bbox 223 1685 424 1752; x_wconf 88' lang='lat' dir='ltr'>contractus;</span> <span class='ocrx_word' id='word_1_129' title='bbox 450 1677 684 1740; x_wconf 88' lang='lat' dir='ltr'>concordatum</span> <span class='ocrx_word' id='word_1_130' title='bbox 706 1679 794 1737; x_wconf 87' lang='lat' dir='ltr'>enim</span> <span class='ocrx_word' id='word_1_131' title='bbox 816 1677 857 1736; x_wconf 89' lang='lat' dir='ltr'>ad</span> <span class='ocrx_word' id='word_1_132' title='bbox 879 1689 985 1755; x_wconf 83' lang='lat' dir='ltr'>genus</span> <span class='ocrx_word' id='word_1_133' title='bbox 1013 1682 1234 1754; x_wconf 86' lang='lat' dir='ltr'>contractuum</span> 
     </span>
     <span class='ocr_line' id='line_1_20' title="bbox 225 1758 1298 1837; baseline -0.001 -17"><span class='ocrx_word' id='word_1_134' title='bbox 225 1762 379 1837; x_wconf 86' lang='lat' dir='ltr'>pertinet.</span> <span class='ocrx_word' id='word_1_135' title='bbox 430 1763 463 1818; x_wconf 93' lang='lat' dir='ltr'>et</span> <span class='ocrx_word' id='word_1_136' title='bbox 496 1774 651 1834; x_wconf 85' lang='lat' dir='ltr'>personae</span> <span class='ocrx_word' id='word_1_137' title='bbox 695 1758 835 1834; x_wconf 89' lang='lat' dir='ltr'>publicae</span> <span class='ocrx_word' id='word_1_138' title='bbox 881 1771 955 1835; x_wconf 88' lang='lat' dir='ltr'>quae</span> <span class='ocrx_word' id='word_1_139' title='bbox 1014 1759 1234 1833; x_wconf 86' lang='lat' dir='ltr'>paciscuntur,</span> <span class='ocrx_word' id='word_1_140' title='bbox 1297 1797 1298 1800; x_wconf 57' lang='lat'><em>=</em></span> 
     </span>
     <span class='ocr_line' id='line_1_21' title="bbox 225 1837 1298 1916; baseline -0.004 -16"><span class='ocrx_word' id='word_1_141' title='bbox 225 1856 383 1916; x_wconf 83' lang='lat' dir='ltr'>expresse</span> <span class='ocrx_word' id='word_1_142' title='bbox 415 1838 529 1898; x_wconf 90' lang='lat' dir='ltr'>volunt</span> <span class='ocrx_word' id='word_1_143' title='bbox 558 1841 594 1896; x_wconf 89' lang='lat' dir='ltr'>ut</span> <span class='ocrx_word' id='word_1_144' title='bbox 625 1841 756 1913; x_wconf 85' lang='lat' dir='ltr'>pactum</span> <span class='ocrx_word' id='word_1_145' title='bbox 786 1837 901 1897; x_wconf 88' lang='lat' dir='ltr'>initum</span> <span class='ocrx_word' id='word_1_146' title='bbox 930 1837 1028 1896; x_wconf 86' lang='lat' dir='ltr'>etiarn</span> <span class='ocrx_word' id='word_1_147' title='bbox 1059 1855 1077 1895; x_wconf 89' lang='lat' dir='ltr'>a</span> <span class='ocrx_word' id='word_1_148' title='bbox 1109 1855 1236 1899; x_wconf 84' lang='lat' dir='ltr'>succes·</span> <span class='ocrx_word' id='word_1_149' title='bbox 1297 1847 1298 1850; x_wconf 74' lang='grc'>’</span> 
     </span>
     <span class='ocr_line' id='line_1_22' title="bbox 223 1917 1236 1992; baseline -0.001 -12"><span class='ocrx_word' id='word_1_150' title='bbox 223 1921 353 1981; x_wconf 89' lang='lat' dir='ltr'>soribus</span> <span class='ocrx_word' id='word_1_151' title='bbox 374 1926 487 1978; x_wconf 88' lang='lat' dir='ltr'>sancte</span> <span class='ocrx_word' id='word_1_152' title='bbox 522 1922 680 1978; x_wconf 82' lang='lat' dir='ltr'>servetur.</span> <span class='ocrx_word' id='word_1_153' title='bbox 716 1917 828 1992; x_wconf 87' lang='lat' dir='ltr'>ltaque</span> <span class='ocrx_word' id='word_1_154' title='bbox 861 1932 902 1974; x_wconf 86' lang='lat' dir='ltr'>ex</span> <span class='ocrx_word' id='word_1_155' title='bbox 924 1917 1122 1978; x_wconf 86' lang='lat' dir='ltr'>concordate</span> <span class='ocrx_word' id='word_1_156' title='bbox 1151 1935 1236 1979; x_wconf 85' lang='lat' dir='ltr'>enos·</span> 
     </span>
     <span class='ocr_line' id='line_1_23' title="bbox 224 1995 1236 2072; baseline -0.002 -12"><span class='ocrx_word' id='word_1_157' title='bbox 224 2006 341 2060; x_wconf 82' lang='lat' dir='ltr'>cuntur·</span> <span class='ocrx_word' id='word_1_158' title='bbox 370 1997 580 2071; x_wconf 77' lang='lat' dir='ltr'>obtlpott‘ooes</span> <span class='ocrx_word' id='word_1_159' title='bbox 611 2013 651 2056; x_wconf 80' lang='lat' dir='ltr'>ex</span> <span class='ocrx_word' id='word_1_160' title='bbox 681 2003 772 2071; x_wconf 84' lang='lat' dir='ltr'>parte</span> <span class='ocrx_word' id='word_1_161' title='bbox 803 1995 973 2072; x_wconf 89' lang='lat' dir='ltr'>utriusque</span> <span class='ocrx_word' id='word_1_162' title='bbox 1006 1997 1236 2068; x_wconf 77' lang='lat' dir='ltr'>contrahentis</span> 
     </span>
     <span class='ocr_line' id='line_1_24' title="bbox 222 2075 1238 2156; baseline -0.001 -16"><span class='ocrx_word' id='word_1_163' title='bbox 222 2095 345 2155; x_wconf 90' lang='lat' dir='ltr'>nempe</span> <span class='ocrx_word' id='word_1_164' title='bbox 376 2078 509 2140; x_wconf 85' lang='lat' dir='ltr'>Romani</span> <span class='ocrx_word' id='word_1_165' title='bbox 539 2075 704 2138; x_wconf 87' lang='lat' dir='ltr'>Pontifieis</span> <span class='ocrx_word' id='word_1_166' title='bbox 735 2091 774 2137; x_wconf 85' lang='lat' dir='ltr'>ex</span> <span class='ocrx_word' id='word_1_167' title='bbox 806 2092 872 2137; x_wconf 92' lang='lat' dir='ltr'>una</span> <span class='ocrx_word' id='word_1_168' title='bbox 893 2079 996 2153; x_wconf 84' lang='lat' dir='ltr'>parte,</span> <span class='ocrx_word' id='word_1_169' title='bbox 1027 2081 1060 2136; x_wconf 92' lang='lat' dir='ltr'>et</span> <span class='ocrx_word' id='word_1_170' title='bbox 1085 2078 1238 2156; x_wconf 91' lang='lat' dir='ltr'>principis</span> 
     </span>
     <span class='ocr_line' id='line_1_25' title="bbox 225 2156 1240 2234; baseline -0.001 -14"><span class='ocrx_word' id='word_1_171' title='bbox 225 2160 387 2220; x_wconf 76' lang='lat' dir='ltr'>secularis</span> <span class='ocrx_word' id='word_1_172' title='bbox 422 2174 462 2217; x_wconf 87' lang='lat' dir='ltr'>ex</span> <span class='ocrx_word' id='word_1_173' title='bbox 492 2159 610 2230; x_wconf 82' lang='lat' dir='ltr'>altera3</span> <span class='ocrx_word' id='word_1_174' title='bbox 644 2156 721 2217; x_wconf 89' lang='lat' dir='ltr'>inde</span> <span class='ocrx_word' id='word_1_175' title='bbox 745 2157 841 2216; x_wconf 91' lang='lat' dir='ltr'>etiam</span> <span class='ocrx_word' id='word_1_176' title='bbox 870 2156 968 2234; x_wconf 88' lang='lat' dir='ltr'>Papa,</span> <span class='ocrx_word' id='word_1_177' title='bbox 989 2158 1039 2216; x_wconf 89' lang='lat' dir='ltr'>sin</span> <span class='ocrx_word' id='word_1_178' title='bbox 1065 2158 1174 2218; x_wconf 80' lang='lat' dir='ltr'>nunus</span> <span class='ocrx_word' id='word_1_179' title='bbox 1201 2174 1240 2219; x_wconf 85' lang='lat' dir='ltr'>ex</span> 
     </span>
     <span class='ocr_line' id='line_1_26' title="bbox 219 2234 1238 2318; baseline 0 -19"><span class='ocrx_word' id='word_1_180' title='bbox 219 2240 358 2318; x_wconf 82' lang='lat' dir='ltr'>justitia,</span> <span class='ocrx_word' id='word_1_181' title='bbox 396 2238 512 2298; x_wconf 90' lang='lat' dir='ltr'>saltem</span> <span class='ocrx_word' id='word_1_182' title='bbox 554 2254 595 2299; x_wconf 84' lang='lat' dir='ltr'>ex</span> <span class='ocrx_word' id='word_1_183' title='bbox 625 2234 691 2297; x_wconf 89' lang='lat' dir='ltr'>fide</span> <span class='ocrx_word' id='word_1_184' title='bbox 731 2237 900 2310; x_wconf 85' lang='lat' dir='ltr'>promissa,</span> <span class='ocrx_word' id='word_1_185' title='bbox 938 2240 1069 2296; x_wconf 83' lang='lat' dir='ltr'>tenetur</span> <span class='ocrx_word' id='word_1_186' title='bbox 1107 2254 1238 2300; x_wconf 87' lang='lat' dir='ltr'>servare</span> 
     </span>
     <span class='ocr_line' id='line_1_27' title="bbox 224 2315 1238 2394; baseline -0.003 -13"><span class='ocrx_word' id='word_1_187' title='bbox 224 2320 334 2381; x_wconf 91' lang='lat' dir='ltr'>omnia</span> <span class='ocrx_word' id='word_1_188' title='bbox 357 2334 426 2394; x_wconf 80' lang='lat' dir='ltr'>quae</span> <span class='ocrx_word' id='word_1_189' title='bbox 445 2318 479 2376; x_wconf 94' lang='lat' dir='ltr'>in</span> <span class='ocrx_word' id='word_1_190' title='bbox 501 2316 699 2378; x_wconf 87' lang='lat' dir='ltr'>concordate</span> <span class='ocrx_word' id='word_1_191' title='bbox 714 2315 768 2375; x_wconf 88' lang='lat' dir='ltr'>illo</span> <span class='ocrx_word' id='word_1_192' title='bbox 785 2315 1003 2376; x_wconf 82' lang='lat' dir='ltr'>determinata</span> <span class='ocrx_word' id='word_1_193' title='bbox 1023 2322 1111 2377; x_wconf 91' lang='lat' dir='ltr'>sunt.</span> <span class='ocrx_word' id='word_1_194' title='bbox 1128 2320 1238 2378; x_wconf 90' lang='lat' dir='ltr'>Mutua</span> 
     </span>
     <span class='ocr_line' id='line_1_28' title="bbox 224 2396 1239 2477; baseline 0 -18"><span class='ocrx_word' id='word_1_195' title='bbox 224 2414 305 2477; x_wconf 82' lang='lat' dir='ltr'>ergo</span> <span class='ocrx_word' id='word_1_196' title='bbox 342 2398 603 2459; x_wconf 88' lang='lat' dir='ltr'>contrahentium</span> <span class='ocrx_word' id='word_1_197' title='bbox 632 2396 789 2475; x_wconf 85' lang='lat' dir='ltr'>obligatio</span> <span class='ocrx_word' id='word_1_198' title='bbox 822 2399 873 2457; x_wconf 93' lang='lat' dir='ltr'>est</span> <span class='ocrx_word' id='word_1_199' title='bbox 903 2396 1040 2457; x_wconf 82' lang='lat' dir='ltr'>effectus</span> <span class='ocrx_word' id='word_1_200' title='bbox 1065 2398 1239 2475; x_wconf 89' lang='lat' dir='ltr'>primarius</span> 
     </span>
     <span class='ocr_line' id='line_1_29' title="bbox 225 2476 643 2553; baseline -0.012 -15"><span class='ocrx_word' id='word_1_201' title='bbox 225 2476 508 2540; x_wconf 88' lang='lat' dir='ltr'>concordatorum.</span> <span class='ocrx_word' id='word_1_202' title='bbox 641 2548 643 2553; x_wconf 88' lang='lat'><em>.</em></span> 
     </span>
    </p>

    <p class='ocr_par' dir='ltr' id='par_1_7' title="bbox 223 2553 1237 3190">
     <span class='ocr_line' id='line_1_30' title="bbox 264 2553 1235 2634; baseline 0 -16"><span class='ocrx_word' id='word_1_203' title='bbox 264 2557 407 2619; x_wconf 84' lang='lat' dir='ltr'>Effectus</span> <span class='ocrx_word' id='word_1_204' title='bbox 421 2558 581 2616; x_wconf 76' lang='lat' dir='ltr'>mediatos</span> <span class='ocrx_word' id='word_1_205' title='bbox 600 2553 790 2615; x_wconf 88' lang='lat' dir='ltr'>concordati</span> <span class='ocrx_word' id='word_1_206' title='bbox 811 2558 916 2614; x_wconf 90' lang='lat' dir='ltr'>estut</span> <span class='ocrx_word' id='word_1_207' title='bbox 938 2554 1039 2631; x_wconf 76' lang='lat' dir='ltr'>tepent</span> <span class='ocrx_word' id='word_1_208' title='bbox 1059 2553 1157 2617; x_wconf 86' lang='lat' dir='ltr'>faciat</span> <span class='ocrx_word' id='word_1_209' title='bbox 1178 2574 1235 2634; x_wconf 89' lang='lat' dir='ltr'>pro</span> 
     </span>
     <span class='ocr_line' id='line_1_31' title="bbox 225 2634 1237 2716; baseline 0.001 -19"><span class='ocrx_word' id='word_1_210' title='bbox 225 2636 376 2697; x_wconf 90' lang='lat' dir='ltr'>omnibus</span> <span class='ocrx_word' id='word_1_211' title='bbox 413 2636 560 2696; x_wconf 87' lang='lat' dir='ltr'>ecclesiis</span> <span class='ocrx_word' id='word_1_212' title='bbox 599 2634 848 2710; x_wconf 85' lang='lat' dir='ltr'>particularibus</span> <span class='ocrx_word' id='word_1_213' title='bbox 886 2635 1026 2696; x_wconf 90' lang='lat' dir='ltr'>nationis</span> <span class='ocrx_word' id='word_1_214' title='bbox 1061 2638 1115 2697; x_wconf 93' lang='lat' dir='ltr'>vel</span> <span class='ocrx_word' id='word_1_215' title='bbox 1143 2638 1237 2716; x_wconf 83' lang='lat' dir='ltr'>regni</span> 
     </span>
     <span class='ocr_line' id='line_1_32' title="bbox 224 2714 1235 2793; baseline 0.002 -19"><span class='ocrx_word' id='word_1_216' title='bbox 224 2732 283 2792; x_wconf 93' lang='lat' dir='ltr'>pro</span> <span class='ocrx_word' id='word_1_217' title='bbox 320 2715 438 2793; x_wconf 89' lang='lat' dir='ltr'>quibus</span> <span class='ocrx_word' id='word_1_218' title='bbox 473 2721 604 2791; x_wconf 86' lang='lat' dir='ltr'>pactum</span> <span class='ocrx_word' id='word_1_219' title='bbox 642 2714 755 2773; x_wconf 87' lang='lat' dir='ltr'>initum</span> <span class='ocrx_word' id='word_1_220' title='bbox 788 2719 849 2774; x_wconf 88' lang='lat' dir='ltr'>est.</span> <span class='ocrx_word' id='word_1_221' title='bbox 881 2714 1117 2776; x_wconf 76' lang='lat' dir='ltr'>contrahentes</span> <span class='ocrx_word' id='word_1_222' title='bbox 1153 2720 1235 2779; x_wconf 84' lang='lat' dir='ltr'>enirn</span> 
     </span>
     <span class='ocr_line' id='line_1_33' title="bbox 224 2792 1235 2871; baseline 0.002 -16"><span class='ocrx_word' id='word_1_223' title='bbox 224 2799 302 2855; x_wconf 93' lang='lat' dir='ltr'>sunt</span> <span class='ocrx_word' id='word_1_224' title='bbox 323 2796 460 2871; x_wconf 87' lang='lat' dir='ltr'>publicae</span> <span class='ocrx_word' id='word_1_225' title='bbox 482 2808 630 2870; x_wconf 79' lang='lat' dir='ltr'>persone</span> <span class='ocrx_word' id='word_1_226' title='bbox 652 2810 721 2869; x_wconf 83' lang='lat' dir='ltr'>quae</span> <span class='ocrx_word' id='word_1_227' title='bbox 742 2796 874 2856; x_wconf 88' lang='lat' dir='ltr'>nornine</span> <span class='ocrx_word' id='word_1_228' title='bbox 897 2792 1091 2855; x_wconf 86' lang='lat' dir='ltr'>societatum</span> <span class='ocrx_word' id='word_1_229' title='bbox 1115 2803 1235 2858; x_wconf 86' lang='lat' dir='ltr'>contra·</span> 
     </span>
     <span class='ocr_line' id='line_1_34' title="bbox 223 2872 1233 2951; baseline 0.002 -16"><span class='ocrx_word' id='word_1_230' title='bbox 223 2876 323 2945; x_wconf 90' lang='lat' dir='ltr'>hunt;</span> <span class='ocrx_word' id='word_1_231' title='bbox 348 2876 425 2935; x_wconf 90' lang='lat' dir='ltr'>inde</span> <span class='ocrx_word' id='word_1_232' title='bbox 456 2876 563 2949; x_wconf 90' lang='lat' dir='ltr'>pactio</span> <span class='ocrx_word' id='word_1_233' title='bbox 586 2876 763 2934; x_wconf 86' lang='lat' dir='ltr'>societates</span> <span class='ocrx_word' id='word_1_234' title='bbox 791 2872 862 2933; x_wconf 90' lang='lat' dir='ltr'>illas</span> <span class='ocrx_word' id='word_1_235' title='bbox 883 2874 975 2951; x_wconf 83' lang='lat' dir='ltr'>ligat,</span> <span class='ocrx_word' id='word_1_236' title='bbox 997 2890 1058 2934; x_wconf 89' lang='lat' dir='ltr'>seu</span> <span class='ocrx_word' id='word_1_237' title='bbox 1080 2882 1131 2937; x_wconf 89' lang='lat' dir='ltr'>est</span> <span class='ocrx_word' id='word_1_238' title='bbox 1151 2877 1202 2937; x_wconf 85' lang='lat' dir='ltr'>lex</span> <span class='ocrx_word' id='word_1_239' title='bbox 1227 2896 1233 2936; x_wconf 92' lang='lat'>:</span> 
     </span>
     <span class='ocr_line' id='line_1_35' title="bbox 224 2952 1235 3029; baseline 0 -14"><span class='ocrx_word' id='word_1_240' title='bbox 224 2955 358 3015; x_wconf 89' lang='lat' dir='ltr'>sortitur</span> <span class='ocrx_word' id='word_1_241' title='bbox 389 2956 475 3013; x_wconf 89' lang='lat' dir='ltr'>enim</span> <span class='ocrx_word' id='word_1_242' title='bbox 510 2970 626 3015; x_wconf 87' lang='lat' dir='ltr'>omnes</span> <span class='ocrx_word' id='word_1_243' title='bbox 663 2952 802 3013; x_wconf 82' lang='lat' dir='ltr'>effectus</span> <span class='ocrx_word' id='word_1_244' title='bbox 833 2952 917 3029; x_wconf 85' lang='lat' dir='ltr'>legis</span> <span class='ocrx_word' id='word_1_245' title='bbox 948 2954 1173 3017; x_wconf 79' lang='lat' dir='ltr'>ecclesiastice</span> <span class='ocrx_word' id='word_1_246' title='bbox 1204 2960 1235 3017; x_wconf 89' lang='lat' dir='ltr'>et</span> 
     </span>
     <span class='ocr_line' id='line_1_36' title="bbox 223 3032 1233 3113; baseline 0 -18"><span class='ocrx_word' id='word_1_247' title='bbox 223 3036 308 3113; x_wconf 78' lang='lat' dir='ltr'>legis</span> <span class='ocrx_word' id='word_1_248' title='bbox 331 3035 441 3094; x_wconf 89' lang='lat' dir='ltr'>civilis.</span> <span class='ocrx_word' id='word_1_249' title='bbox 474 3035 521 3100; x_wconf 87' lang='lat' dir='ltr'>Et,</span> <span class='ocrx_word' id='word_1_250' title='bbox 554 3033 615 3092; x_wconf 94' lang='lat' dir='ltr'>sub</span> <span class='ocrx_word' id='word_1_251' title='bbox 647 3032 710 3093; x_wconf 88' lang='lat' dir='ltr'>hoc</span> <span class='ocrx_word' id='word_1_252' title='bbox 741 3038 897 3107; x_wconf 86' lang='lat' dir='ltr'>respectu</span> <span class='ocrx_word' id='word_1_253' title='bbox 918 3038 1076 3108; x_wconf 86' lang='lat' dir='ltr'>spectata,</span> <span class='ocrx_word' id='word_1_254' title='bbox 1101 3052 1233 3097; x_wconf 91' lang='lat' dir='ltr'>concor·</span> 
     </span>
     <span class='ocr_line' id='line_1_37' title="bbox 224 3111 1073 3190; baseline -0.002 -15"><span class='ocrx_word' id='word_1_255' title='bbox 224 3114 300 3175; x_wconf 86' lang='lat' dir='ltr'>data</span> <span class='ocrx_word' id='word_1_256' title='bbox 322 3112 455 3190; x_wconf 87' lang='lat' dir='ltr'>speciali</span> <span class='ocrx_word' id='word_1_257' title='bbox 477 3115 574 3173; x_wconf 89' lang='lat' dir='ltr'>etiam</span> <span class='ocrx_word' id='word_1_258' title='bbox 594 3112 694 3173; x_wconf 89' lang='lat' dir='ltr'>modo</span> <span class='ocrx_word' id='word_1_259' title='bbox 716 3111 963 3187; x_wconf 88' lang='lat' dir='ltr'>interpretanda</span> <span class='ocrx_word' id='word_1_260' title='bbox 986 3117 1073 3173; x_wconf 91' lang='lat' dir='ltr'>sunt.</span> 
     </span>
    </p>

    <p class='ocr_par' dir='ltr' id='par_1_8' title="bbox 225 3191 1234 3667">
     <span class='ocr_line' id='line_1_38' title="bbox 265 3191 1233 3271; baseline -0.001 -16"><span class='ocrx_word' id='word_1_261' title='bbox 265 3197 297 3255; x_wconf 77' lang='lat'>2⁰</span> <span class='ocrx_word' id='word_1_262' title='bbox 316 3195 471 3271; x_wconf 87' lang='lat' dir='ltr'>Sequitur</span> <span class='ocrx_word' id='word_1_263' title='bbox 490 3192 580 3269; x_wconf 89' lang='lat' dir='ltr'>quod</span> <span class='ocrx_word' id='word_1_264' title='bbox 600 3191 810 3259; x_wconf 85' lang='lat' dir='ltr'>concordata,</span> <span class='ocrx_word' id='word_1_265' title='bbox 835 3208 898 3268; x_wconf 85' lang='lat' dir='ltr'>prae</span> <span class='ocrx_word' id='word_1_266' title='bbox 912 3192 1100 3254; x_wconf 88' lang='lat' dir='ltr'>immediato</span> <span class='ocrx_word' id='word_1_267' title='bbox 1118 3194 1233 3255; x_wconf 80' lang='lat' dir='ltr'>ellectu</span> 
     </span>
     <span class='ocr_line' id='line_1_39' title="bbox 225 3272 1233 3349; baseline 0 -15"><span class='ocrx_word' id='word_1_268' title='bbox 225 3277 383 3349; x_wconf 88' lang='lat' dir='ltr'>spectata,</span> <span class='ocrx_word' id='word_1_269' title='bbox 413 3274 498 3332; x_wconf 90' lang='lat' dir='ltr'>sicut</span> <span class='ocrx_word' id='word_1_270' title='bbox 525 3272 631 3331; x_wconf 73' lang='lat' dir='ltr'>caeteri</span> <span class='ocrx_word' id='word_1_271' title='bbox 657 3275 855 3332; x_wconf 89' lang='lat' dir='ltr'>contractus.</span> <span class='ocrx_word' id='word_1_272' title='bbox 881 3272 1026 3333; x_wconf 90' lang='lat' dir='ltr'>rescindi</span> <span class='ocrx_word' id='word_1_273' title='bbox 1054 3280 1233 3349; x_wconf 79' lang='lat' dir='ltr'>nequeunt,</span> 
     </span>
     <span class='ocr_line' id='line_1_40' title="bbox 225 3352 1234 3427; baseline 0.003 -16"><span class='ocrx_word' id='word_1_274' title='bbox 225 3355 288 3415; x_wconf 91' lang='lat' dir='ltr'>nisi</span> <span class='ocrx_word' id='word_1_275' title='bbox 301 3355 354 3413; x_wconf 91' lang='lat' dir='ltr'>vel</span> <span class='ocrx_word' id='word_1_276' title='bbox 369 3358 482 3413; x_wconf 92' lang='lat' dir='ltr'>mutuo</span> <span class='ocrx_word' id='word_1_277' title='bbox 499 3367 676 3425; x_wconf 81' lang='lat' dir='ltr'>consensu,</span> <span class='ocrx_word' id='word_1_278' title='bbox 691 3352 745 3410; x_wconf 89' lang='lat' dir='ltr'>vel</span> <span class='ocrx_word' id='word_1_279' title='bbox 760 3367 800 3411; x_wconf 80' lang='lat' dir='ltr'>eu</span> <span class='ocrx_word' id='word_1_280' title='bbox 817 3367 855 3411; x_wconf 89' lang='lat' dir='ltr'>eo</span> <span class='ocrx_word' id='word_1_281' title='bbox 872 3352 962 3427; x_wconf 87' lang='lat' dir='ltr'>quod</span> <span class='ocrx_word' id='word_1_282' title='bbox 977 3353 1115 3413; x_wconf 85' lang='lat' dir='ltr'>materia</span> <span class='ocrx_word' id='word_1_283' title='bbox 1130 3353 1234 3417; x_wconf 87' lang='lat' dir='ltr'>evadit</span> 
     </span>
     <span class='ocr_line' id='line_1_41' title="bbox 225 3430 1231 3509; baseline 0.005 -19"><span class='ocrx_word' id='word_1_284' title='bbox 225 3433 447 3509; x_wconf 81' lang='lat' dir='ltr'>impossibilis,</span> <span class='ocrx_word' id='word_1_285' title='bbox 469 3437 526 3492; x_wconf 88' lang='lat' dir='ltr'>aut</span> <span class='ocrx_word' id='word_1_286' title='bbox 546 3433 673 3503; x_wconf 89' lang='lat' dir='ltr'>nociva,</span> <span class='ocrx_word' id='word_1_287' title='bbox 696 3431 749 3492; x_wconf 85' lang='lat' dir='ltr'>vel</span> <span class='ocrx_word' id='word_1_288' title='bbox 769 3430 913 3508; x_wconf 87' lang='lat' dir='ltr'>denique</span> <span class='ocrx_word' id='word_1_289' title='bbox 937 3431 1082 3509; x_wconf 85' lang='lat' dir='ltr'>legitimo</span> <span class='ocrx_word' id='word_1_290' title='bbox 1099 3432 1231 3509; x_wconf 76' lang='lat' dir='ltr'>Judicio‚</span> 
     </span>
     <span class='ocr_line' id='line_1_42' title="bbox 227 3509 1232 3591; baseline 0 -17"><span class='ocrx_word' id='word_1_291' title='bbox 227 3512 359 3590; x_wconf 89' lang='lat' dir='ltr'>quando</span> <span class='ocrx_word' id='word_1_292' title='bbox 379 3512 520 3573; x_wconf 90' lang='lat' dir='ltr'>occurrit</span> <span class='ocrx_word' id='word_1_293' title='bbox 539 3526 638 3571; x_wconf 88' lang='lat' dir='ltr'>causa</span> <span class='ocrx_word' id='word_1_294' title='bbox 658 3510 766 3589; x_wconf 84' lang='lat' dir='ltr'>gravis</span> <span class='ocrx_word' id='word_1_295' title='bbox 786 3509 1054 3585; x_wconf 85' lang='lat' dir='ltr'>extraordinaria,</span> <span class='ocrx_word' id='word_1_296' title='bbox 1076 3514 1118 3574; x_wconf 93' lang='lat' dir='ltr'>ob</span> <span class='ocrx_word' id='word_1_297' title='bbox 1140 3529 1232 3591; x_wconf 91' lang='lat' dir='ltr'>quam</span> 
     </span>
     <span class='ocr_line' id='line_1_43' title="bbox 225 3589 976 3667; baseline -0.003 -14"><span class='ocrx_word' id='word_1_298' title='bbox 225 3592 350 3653; x_wconf 90' lang='lat' dir='ltr'>bonum</span> <span class='ocrx_word' id='word_1_299' title='bbox 364 3607 539 3652; x_wconf 89' lang='lat' dir='ltr'>commune</span> <span class='ocrx_word' id='word_1_300' title='bbox 553 3590 705 3652; x_wconf 78' lang='lat' dir='ltr'>Ecclesia</span> <span class='ocrx_word' id='word_1_301' title='bbox 719 3589 806 3651; x_wconf 91' lang='lat' dir='ltr'>aliud</span> <span class='ocrx_word' id='word_1_302' title='bbox 821 3592 976 3667; x_wconf 89' lang='lat' dir='ltr'>postulat.</span> 
     </span>
    </p>

    <p class='ocr_par' dir='ltr' id='par_1_9' title="bbox 267 3670 1231 3750">
     <span class='ocr_line' id='line_1_44' title="bbox 267 3670 1231 3750; baseline -0.001 -17"><span class='ocrx_word' id='word_1_303' title='bbox 267 3672 305 3750; x_wconf 85' lang='lat' dir='ltr'>a)</span> <span class='ocrx_word' id='word_1_304' title='bbox 322 3672 482 3733; x_wconf 85' lang='lat' dir='ltr'>Rescissio</span> <span class='ocrx_word' id='word_1_305' title='bbox 502 3672 758 3734; x_wconf 83' lang='lat' dir='ltr'>conventionum</span> <span class='ocrx_word' id='word_1_306' title='bbox 777 3670 863 3733; x_wconf 88' lang='lat' dir='ltr'>inter</span> <span class='ocrx_word' id='word_1_307' title='bbox 885 3671 968 3735; x_wconf 87' lang='lat' dir='ltr'>duas</span> <span class='ocrx_word' id='word_1_308' title='bbox 982 3671 1156 3735; x_wconf 87' lang='lat' dir='ltr'>societates</span> <span class='ocrx_word' id='word_1_309' title='bbox 1178 3672 1231 3734; x_wconf 91' lang='lat' dir='ltr'>ini·</span> 
     </span>
    </p>
   </div>
   <div class='ocr_carea' id='block_1_4' title="bbox 0 0 1326 4250">
    <p class='ocr_par' dir='ltr' id='par_1_10' title="bbox 0 0 1326 4250">
     <span class='ocr_line' id='line_1_45' title="bbox 0 0 1326 4250; baseline 0 1"><span class='ocrx_word' id='word_1_310' title='bbox 0 0 1326 4250; x_wconf 95' lang='lat' dir='ltr'> </span> 
     </span>
    </p>
   </div>
  </div>
 </body>
</html>
