2642 4250
34 9 294 143 ff

411 299 415 305 .
437 270 539 314 unrici
562 270 732 314 caraunus.
1048 251 1086 311 33

67 383 337 445 recordationem
363 383 606 462 praeteritorum
633 382 844 461 :prudentia
870 386 954 444 enim
985 400 1085 460 expe-

67 464 186 525 nentia
198 469 232 523 et
242 464 472 524 observatione
484 467 658 524 eventuum
672 466 904 540 praeteritorum
912 464 943 523 ni
950 467 1034 532 titur,
1048 479 1090 524 ex

68 545 193 620 quihus
207 558 433 618 sepenumero
455 541 549 603 facile
572 542 754 619 colligimus
771 543 849 621 quid
864 545 896 602 in
914 544 967 602 tali
982 558 1088 620 nego-

69 626 115 684 tio
132 621 327 701 peragendo
351 622 521 698 expediat;
543 625 575 683 20
594 623 855 695 inlelliaenliarn,
871 639 932 682 seu
947 624 1090 684 notitiam

70 704 296 780 praesentium,
315 699 350 763 id
371 707 432 773 est,
457 703 542 779 legis
565 717 626 762 seu
647 704 883 780 principiorum
903 704 1088 773 moralium;

70 787 104 844 30
129 783 382 858 procidentiam,
410 797 470 842 seu
499 782 742 858 inquisitionem
772 798 884 844 eorum
915 799 985 859 quae
1008 798 1091 858 opus
1137 832 1143 860 ‚

72 861 236 939 subsequi
259 866 410 937 possent;
439 862 473 922 40
503 863 795 934 ratiocinationem,
821 878 884 940 qua
912 878 953 921 ex
977 862 1093 921 notitia

73 940 238 1019 acquisita
252 955 313 1016 per
326 941 496 1017 praedictos
512 945 616 1010 actus,
632 940 801 1002 inferimus
824 941 903 1019 quid
924 945 966 1002 sit
987 957 1090 1020 agen-

75 1023 158 1083 dum
177 1023 211 1081 in
236 1035 316 1079 casu
330 1024 543 1092 occurrente3
561 1023 594 1081 5⁰
609 1023 759 1084 docilitas
780 1026 813 1081 et
826 1024 859 1082 60
872 1023 1006 1082 solertia
1023 1038 1093 1098 qua

74 1119 174 1163 usum
189 1098 370 1177 prudentie
383 1103 417 1161 in
439 1099 654 1162 consultando
672 1106 705 1161 et
714 1101 897 1178 judicando
919 1102 1018 1160 ctiam
1033 1100 1091 1160 ad-

71 1185 205 1262 juvant.
222 1181 344 1239 Verum
364 1180 405 1241 ad
423 1180 659 1257 acquirendam
677 1185 827 1243 virtutem
843 1181 1023 1258 prudentia
1038 1197 1095 1256 po·

77 1265 142 1322 tius
169 1259 363 1323 ordinantur
379 1267 392 1318 :'
406 1263 433 1320 10
456 1261 600 1320 solertia.
626 1276 687 1320 seu
711 1284 847 1340 ευστοχια,
874 1263 924 1320 est
947 1260 1095 1336 quaedam

77 1344 188 1403 subita
209 1339 405 1416 excogitatio
426 1339 608 1421 mediorum
627 1340 842 1401 honestorum
858 1357 920 1400 seu
938 1340 980 1400 ad
1000 1341 1096 1399 ratio-

78 1425 129 1482 nis
140 1434 293 1482 normam
305 1418 641 1492 accommodatarum
656 1419 858 1496 quandoque
869 1421 954 1480 enim
966 1420 1098 1496 negotia

79 1517 149 1562 non
165 1498 356 1575 relinquunt
370 1501 498 1574 copiam
513 1499 672 1559 diuturnae
689 1501 950 1567 consultationis:
966 1501 999 1559 20
1014 1500 1098 1559 doci·

81 1584 170 1646 litas,
187 1584 238 1640 est
256 1577 404 1655 quedam
425 1577 645 1655 promptitudo
667 1578 710 1638 ad
728 1578 1008 1656 acquiescendum
1026 1594 1099 1638 scn-

81 1662 134 1722 sui
157 1658 381 1736 prudentium.

124 1739 158 1816 b)
175 1738 225 1799 Ad
246 1738 478 1797 executionem
498 1739 618 1813 operis,
640 1736 731 1813 quod
753 1738 893 1812 imperat
913 1737 1101 1813 prudentia,

83 1836 148 1880 seu
162 1819 206 1880 ad
221 1816 440 1893 prudentiam,
459 1821 623 1892 quatenus
639 1822 689 1876 est
704 1821 900 1894 praeceptiva
915 1823 948 1877 et
962 1818 1103 1894 applica-

84 1902 151 1960 tiva
166 1897 362 1975 cognitionis
378 1895 419 1956 ad
435 1913 530 1972 opus
548 1897 761 1974 requiruntur
778 1915 784 1955 :
805 1899 833 1955 10
848 1899 1102 1971 circumspectio,

87 1996 162 2055 que
192 1982 242 2038 est
270 1981 362 2037 recta
390 1979 424 2035 el
455 1976 571 2036 sedula
606 1975 824 2036 consideratio
859 1979 1008 2037 omnium
1040 1977 1104 2035 cir-

86 2056 357 2119 cumstantiarum
383 2072 453 2133 quae
480 2057 646 2132 pertinent
670 2055 712 2115 ad
742 2056 866 2115 bonurn
890 2073 985 2133 opus,
1013 2053 1105 2134 quod

86 2138 320 2219 aggredimur;
347 2138 379 2197 20
402 2140 519 2205 cantic,
540 2154 610 2215 qua
631 2142 682 2197 est
702 2153 779 2196 cura
798 2141 835 2196 ut
854 2137 998 2196 vitentur
1020 2138 1105 2196 mala

86 2221 305 2297 insurgentia.
323 2217 372 2276 Hae
389 2215 458 2275 duae
473 2221 584 2292 partes
599 2217 678 2277 nihil
692 2216 780 2276 aliud
791 2221 867 2276 sunt
879 2233 978 2293 quam
995 2216 1106 2277 condi-

88 2303 198 2359 tiones
213 2296 376 2373 requisitae
391 2293 434 2355 ad
448 2294 630 2372 perfectam
647 2295 892 2357 discretionem.
920 2331 922 2334 v

128 2379 179 2439 60.
195 2412 233 2419 -
246 2379 281 2436 11.
295 2378 339 2435 Da
353 2390 490 2436 rnsrirn.
503 2376 635 2435 lustitiae
646 2391 768 2437 nomen
780 2379 1107 2452 quatuorpraesertim

88 2457 200 2517 modis
215 2456 366 2532 usurpari
377 2455 461 2515 solet
471 2477 481 2514 .·
494 2455 522 2514 10
533 2457 733 2533 generaliter
747 2472 805 2531 pro
819 2456 950 2515 cumulo
964 2457 1108 2514 omnium

89 2541 251 2597 virtutum
268 2556 274 2596 ι
291 2553 321 2593 ν.
339 2551 371 2613 g.
388 2537 439 2594 air
448 2535 568 2609 janai,
585 2536 619 2594 in
633 2538 734 2595 sacris
749 2536 873 2608 litteris,
891 2535 981 2596 idem
1001 2541 1052 2596 est
1070 2551 1109 2594 ac

91 2617 248 2679 omnibus
261 2614 433 2676 virtutibus
449 2622 593 2680 ornatus,
611 2620 644 2674 el
660 2615 795 2691 quidem
809 2618 953 2692 proprie,
974 2632 1047 2674 nam
1062 2616 1111 2674 vir

91 2698 148 2757 ille
163 2696 276 2757 reddit
293 2696 484 2769 unicuique,
501 2696 569 2754 Deo
587 2699 620 2754 et
634 2696 794 2770 proximo,
817 2695 906 2772 quod
925 2711 1022 2754 suum
1043 2699 1110 2765 est;

91 2780 125 2837 20
149 2794 209 2853 pro
237 2774 385 2852 qualibet
414 2773 620 2847 rectitudine,
653 2779 817 2851 quatenus
844 2778 970 2851 joslani
995 2774 1114 2835 dicitur

94 2854 188 2933 quod
219 2861 270 2915 est
293 2854 501 2931 adaequatum
528 2870 589 2913 seu
619 2869 843 2913 commensum
873 2871 937 2914 sua
968 2855 1109 2932 regulae3

94 2939 126 2998 30
145 2952 207 3012 pro
229 2936 335 3013 gratia
358 2936 425 2993 sive
451 2934 584 2994 caritate
610 2935 870 3009 supernaturali;
895 2936 927 2993 40
951 2938 984 2991 et
1007 2933 1113 3011 magis

94 3016 231 3093 proprie
247 3031 305 3092 pro
324 3015 444 3074 virtute
464 3012 621 3074 cardinali
642 3013 821 3073 inclinante
842 3011 884 3072 ad
903 3006 1114 3073 reddendum

93 3095 278 3171 unicuique
295 3092 385 3170 quod
401 3108 497 3151 suum
512 3097 572 3152 est.
591 3093 656 3153 lloc
671 3091 771 3151 modo
787 3093 1016 3170 ajurisperitis
1032 3092 1113 3152 deti-

96 3174 159 3236 niri
175 3176 262 3235 solet
279 3193 286 3233 :
305 3176 458 3234 Constans
473 3177 500 3231 el
512 3179 669 3247 perpetua
690 3172 839 3232 noluntas
851 3174 908 3247 jas
927 3188 1022 3231 sanrn
1040 3175 1113 3232 nni·

98 3256 218 3330 cniqne
231 3252 397 3314 reddendi.
414 3253 484 3311 llaec
500 3250 644 3311 definitio
663 3252 787 3327 Ulpiani
803 3255 836 3312 et
851 3252 1116 3329 jurisperitorum

99 3339 150 3396 est
164 3339 273 3404 recta3
291 3348 405 3393 verum
415 3332 542 3408 Justitia
558 3333 743 3392 accuratius
755 3330 881 3391 definiri
896 3335 1005 3408 potest
1021 3351 1028 3391 :
1051 3334 1117 3394 Vir·

99 3421 151 3475 tns
170 3414 310 3474 moralis
330 3427 394 3486 qna
413 3410 561 3471 colanias
584 3412 698 3471 tribnit
721 3411 818 3471 alleri
838 3414 924 3487 qaod
944 3428 1040 3473 snam
1061 3418 1116 3472 esl.

99 3494 294 3569 Explicatur
304 3488 448 3551 definitio
466 3509 473 3549 :
847 3537 849 3542 ,

146 3574 176 3635 10
195 3576 302 3633 Virtus
318 3574 408 3629 tenet
422 3570 532 3630 locum
547 3570 697 3646 generis:
714 3569 781 3629 alie
797 3573 908 3645 partes
923 3568 1120 3632 definitionis

31 3722 36 3735 ‚
103 3654 257 3730 proprios
274 3654 458 3714 caracteres
469 3648 603 3726 justitia¹
617 3653 805 3726 exprimunt
822 3668 828 3709 :
846 3651 878 3710 20
893 3665 955 3724 qua
972 3652 1122 3711 noluntas

437 3744 518 3792 Bana.
533 3743 607 3793 Pan.
622 3744 653 3793 T.
667 3744 711 3794 ΙΙΙ.
721 3768 754 3782 -
766 3744 792 3794 3.
