2642 4250
205 232 267 297 256
460 255 468 284 ι
504 251 685 297 earvmmuu
704 251 907 296 ruinosornma

241 368 353 422 Tarsis
374 368 417 421 111.
442 363 600 421 Revelatio
623 369 793 422 veritatum
821 366 945 422 ordinis
979 365 1139 423 naturalis

203 438 317 510 suisset
332 435 493 491 moraliter
503 441 677 492 necessaria
692 438 828 520 bomini²
845 440 939 492 ellam
954 437 994 493 ad
1012 441 1134 494 statum

205 508 477 578 supernaturalem
493 522 561 562 non
575 510 689 564 erecto.
700 537 735 550 -
745 511 859 564 Etenim
871 513 900 566 1⁰
911 509 1054 564 veritates
1068 524 1138 580 quae

206 585 298 636 Deum
308 581 339 633 et
350 592 448 633 mores
462 579 636 650 respiciunt,
653 582 724 634 suut
738 579 900 649 altissimae,
916 594 984 649 quae
1002 581 1140 652 proinde,

204 654 321 707 eemota
353 649 546 720 revelatione,
576 650 752 705 diuturnam
779 649 1002 721 inquisitionem
1044 655 1154 722 exqui-

206 725 310 778 rerent
335 725 394 780 :2⁰
419 722 515 774 status
537 722 657 788 generis
680 722 799 776 humani
825 725 893 776 ante
925 721 1147 778 revelationem·
1309 733 1310 820 1

207 794 403 855 Christianam
418 792 695 861 satieprobathane
709 792 877 847 veritatem.
1187 795 1225 850 84
1309 829 1310 832 ,

241 867 351 921 Tursrs
370 866 416 919 IV.
432 861 537 917 Homo
552 864 658 931 ostiolo
674 862 889 933 adstringitur
907 861 1137 934 amplectente

209 934 409 990 revelationis
433 947 502 1003 quae
525 933 609 1001 tacta
635 933 689 1002 sit,
718 936 748 988 et
777 949 846 988 eom
875 935 1075 1006 inquirendi,
1109 937 1140 991 si
1179 989 1182 996 ,
1310 962 1311 1048 p

207 1006 355 1061 nondum
379 1005 554 1074 agnouerit.
578 1007 604 1058 l·
627 1019 701 1074 pars
722 1021 730 1059 :
755 1007 832 1059 Deus
852 1019 907 1074 per
929 1006 1143 1062 revelationem

208 1077 275 1139 vult
289 1077 383 1146 ligare
398 1076 547 1146 bonunes3
564 1077 600 1131 11α
613 1089 689 1146 pars
704 1094 712 1129 :
729 1074 817 1130 homo
835 1076 937 1146 nequit
951 1077 1140 1133 vocatiouem

207 1149 429 1217 Deinegfigere.
1187 1149 1225 1204 86

244 1222 355 1275 Transis
370 1220 403 1272 V.
419 1215 538 1271 Tamen
547 1218 583 1271 ut
595 1215 689 1271 homo
703 1215 811 1285 efficto
826 1215 1040 1286 amplectendi
1056 1234 1142 1274 reue·

212 1291 363 1346 lationem
380 1287 610 1356 adstringetur,
621 1301 745 1341 neeesse
757 1289 849 1342 estut
863 1292 946 1344 certo
955 1291 1034 1344 sciat
1048 1290 1141 1346 illam

210 1376 275 1416 esse
290 1362 444 1416 diuinam.
459 1359 607 1412 iudicium
623 1359 700 1412 enim
716 1359 860 1413 incertum
879 1358 915 1414 de
939 1360 1138 1416 eredibilitate

208 1432 320 1502 objecti
342 1444 402 1485 nen
424 1431 471 1484 est
492 1427 642 1484 sufficiens
666 1428 703 1482 ad
721 1428 938 1486 rationabiliter
955 1431 1138 1500 eredendum
1188 1503 1226 1560 81

208 1503 267 1559 tide
281 1505 371 1558 certa.
1312 1539 1313 1542 η

245 1573 424 1630 Sabellum.
435 1568 542 1640 Agitur
556 1571 593 1626 de
603 1568 782 1642 certitudine
795 1571 1004 1643 acquisila'per
1016 1572 1142 1629 eviden-

159 1696 161 1699 .
210 1646 284 1700 tiam
299 1641 511 1699 eredibilitatia
726 1643 735 1690 L
825 1667 832 1677 ν
1186 1646 1224 1701 88

241 1719 354 1772 ‚Turesis
369 1716 415 1770 Vl.
431 1712 520 1768 Inter
535 1709 599 1767 alia
615 1711 965 1770 motivacreuienuans
976 1713 1137 1770 miracula
1313 1755 1314 1764 a

208 1790 238 1842 el
264 1785 438 1856 prophetie
455 1782 590 1854 pariunt
609 1783 1051 1852 omnimodam'eplelentiam
1071 1801 1138 1842 ore·

208 1856 378 1914 dibilitatis
393 1854 431 1909 de
446 1855 557 1908 diuina
569 1854 769 1918 revelatione,
782 1869 878 1930 quam
889 1855 1089 1922 confirmant.
1099 1885 1139 1896 -

209 1929 399 1984 constituunt
413 1923 667 1980 confirmationem
682 1924 947 1981 dinnanr'minime
961 1927 1142 1997 ambiguam.
1190 1929 1227 1983 m

242 1998 421 2055 Sabellum.
449 1997 564 2049 Praeter
585 1997 649 2051 haee
677 1997 789 2052 niotiva
816 1999 995 2069 extrinseca,
1025 1999 1137 2053 dantur

206 2072 298 2127 etiam
324 2067 437 2125 motiva
461 2066 633 2137 intrinseca,
656 2081 724 2140 quae
747 2068 873 2124 seorsim
894 2069 1137 2139 probabilitatem

208 2143 331 2213 gignere
344 2139 484 2225 possuntt
1190 2143 1229 2198 89

620 2288 747 2353 CAPUT
767 2288 808 2353 ΙΙ.

376 2460 417 2503 DE
436 2456 563 2502 oratoris
582 2458 712 2504 HOMINIS
732 2460 816 2505 ERGA
837 2461 1049 2511 SEMETIPSUH·

583 2600 801 2665 ARTICULUS
824 2605 848 2665 1.

518 2754 559 2811 'De
574 2751 675 2822 ostiolis
685 2754 778 2819 quood
792 2755 926 2807 unimam

425 2889 445 2937 Ι.
460 2888 498 2938 De
512 2884 600 2937 officiis
610 2884 644 2935 ad
657 2850 816 2934 iutelleotum
829 2885 1014 2950 spectantibus.

244 2986 346 3071 Officia
372 3029 439 3085 quae
459 3014 496 3069 ad
518 2998 704 3068 intellectum
721 3012 866 3083 spectant,
893 3012 1071 3082 obligatione
1088 3029 1141 3070 ae-

132 3154 137 3161 ,
206 3087 483 3163 quirendidebilam
498 3085 652 3139 scientiam
667 3082 866 3141 continentur.
1192 3088 1229 3146 90

414 3216 446 3265 11.
457 3215 496 3265 De
507 3212 598 3263 officiis
609 3211 643 3262 ad
656 3210 947 3275 veluntatampertinent
953 3212 1017 3263 ibus.
1052 3194 1054 3201 Α
1119 3208 1121 3215 ’

241 3344 345 3400 officia
356 3341 393 3398 ad
407 3342 587 3397 voluntatem
601 3338 763 3410 spectantia
778 3336 806 3391 in
817 3337 1016 3408 prosecutione
1026 3342 1137 3397 summi

209 3416 323 3473 boniet
335 3414 414 3486 quod
428 3412 526 3467 omnia
541 3412 598 3465 alia
611 3410 689 3463 bena
703 3408 811 3463 debent
825 3410 930 3463 reterri
941 3412 1144 3469 eontinentur.
1190 3414 1226 3469 91

247 3488 376 3541 intuitus
395 3483 593 3539 observantiae
603 3480 703 3548 legum
723 3493 781 3532 non
796 3483 843 3534 est
854 3480 973 3535 unicum
988 3483 1137 3539 motivum

211 3560 336 3613 honeste
350 3556 466 3626 agendi,
483 3557 516 3608 ut
530 3554 666 3607 autumat
680 3551 803 3629 Kalntius
820 3566 829 3605 τ
846 3550 943 3620 gloria
955 3554 1006 3607 Dei
1024 3568 1135 3623 prouu-

211 3629 306 3685 ra‘nua
315 3630 363 3682 est
377 3627 522 3681 niativum
535 3624 623 3693 lenge
637 3622 774 3677 robinus,
1188 3628 1227 3683 9¹
