2642 4250
243 256 299 324 lto
540 255 718 326 arauvrlnmu
738 283 945 328 rrrrnosorana
1297 238 1299 343 Ι

275 393 343 454 304.
362 427 399 435 —-
416 395 437 452 l.
452 397 498 454 Dc
513 395 661 454 libertate
678 395 833 456 cultuum.
852 397 897 456 Ex
914 397 996 458 thesi
1012 400 1162 474 superius
1171 418 1246 479 pro·
1297 420 1299 447 2

234 475 311 536 bala
330 473 467 552 (collatis
488 473 530 533 nis
553 472 699 552 llo-147)
717 476 876 537 nonnulla
901 479 970 537 erui
985 485 1125 556 possunt
1149 483 1248 545 corol-
1297 474 1299 553 ξ

233 553 313 616 laria
339 553 423 612 circa
449 553 636 614 libertatern
660 554 817 629 cultuum,
841 562 879 616 ut
894 557 995 630 aiunt,
1013 563 1048 618 et
1070 559 1251 623 libertatem
1297 560 1299 609 ἓ

239 634 456 698 conscientie.
1183 672 1185 675 v

276 716 304 777 1⁰
319 714 380 788 Qui
395 714 581 774 libertatem
598 711 745 774 cultuum
755 720 983 790 propugnaret
995 720 1152 794 tanquam
1158 724 1249 794 prin·

234 795 356 871 cipiunt
374 795 534 870 aequitatis
551 796 726 868 naturalis,
747 793 806 854 ltei
825 797 927 870 ipsius
946 799 1085 872 positive
1107 798 1250 876 jubentis

234 873 408 952 imperium
426 871 599 934 manifeste
619 880 789 934 recusaret
810 892 817 932 :
839 875 923 935 sicut
943 877 1031 935 enim
1045 877 1159 956 religio
1173 895 1250 940 vera

234 969 273 1015 ac
288 954 581 1029 supernaturaliter
592 955 738 1015 revelata
753 957 803 1013 est
817 957 1004 1016 necessario
1020 973 1098 1028 una,
1119 959 1163 1017 ita
1180 959 1247 1018 cul-

235 1040 286 1095 tus
310 1033 407 1094 veru‘s
431 1049 469 1092 ac
483 1035 552 1092 Deo
568 1038 682 1111 gratus
696 1049 782 1095 unus
798 1049 871 1094 esse
887 1035 1001 1107 debet;
1019 1037 1135 1104 cultus,
1153 1054 1251 1115 quem

233 1116 322 1175 Deus
335 1113 406 1188 ipse
422 1113 462 1174 ab
479 1113 632 1174 omnibus
648 1114 759 1192 exigit,
771 1129 839 1172 non
848 1119 959 1190 potest
970 1131 1044 1175 esse
1059 1117 1249 1179 indifferens

233 1194 274 1255 ad
298 1192 435 1254 salutem
461 1212 468 1253 :
498 1217 510 1245 «
537 1192 599 1266 Qui
614 1209 682 1254 non
702 1198 752 1253 est
773 1208 916 1264 mecum,
938 1195 982 1254 ait
1002 1196 1072 1272 ipsa
1088 1197 1251 1273 Sapientia
1297 1234 1299 1237 -

233 1281 368 1341 aeterna,
385 1276 500 1334 contra
515 1286 568 1333 me
585 1277 635 1333 est
653 1297 680 1332 n.
698 1276 812 1350 ltaque
830 1271 978 1334 doctrina
994 1273 1035 1334 de
1057 1277 1251 1355 religionum
1297 1320 1299 1327 .

231 1352 462 1426 indifferentia,
494 1365 570 1429 quae
605 1350 711 1413 aufert
740 1366 838 1412 omne
868 1352 1043 1414 discrimen
1072 1356 1189 1418 erroris
1219 1365 1251 1418 et

132 1493 134 1497 ,
230 1433 385 1506 veritatis
403 1436 452 1492 est
467 1431 599 1493 omnino
613 1432 834 1508 reprobanda.

270 1515 439 1584 Praeterea,
463 1528 538 1594 cum
556 1511 608 1572 hic
631 1517 749 1591 agatur
771 1511 812 1571 de
828 1509 943 1573 ordine
959 1528 1070 1572 rerum
1086 1516 1251 1577 essentiali

117 1589 122 1597 '
232 1603 264 1656 et
277 1591 482 1659 immutabili,
500 1596 599 1668 atque
615 1590 657 1652 de
673 1591 823 1652 absoluta
838 1593 897 1651 Dei
912 1593 1078 1654 voluntate
1093 1611 1250 1672 superna-

232 1673 379 1734 turaliter
415 1669 632 1744 manifestata,
663 1672 768 1749 liquet
798 1676 978 1748 sequentes
1009 1675 1250 1750 propositiones

229 1752 329 1814 falsas
359 1767 432 1810 esse
456 1771 463 1811 :
489 1754 519 1811 la
542 1775 556 1804 α
579 1751 688 1812 AEtate
709 1753 771 1812 hac
792 1755 915 1823 nostra,
938 1768 1006 1812 non
1027 1755 1167 1830 amplius
1193 1771 1248 1815 ex-

230 1833 323 1910 pedit
351 1831 546 1908 religionem
572 1831 765 1893 catholicam
792 1831 907 1891 haberi
933 1838 1090 1909 tanquam
1119 1834 1250 1894 unicam

230 1915 339 1974 Status
359 1912 565 1988 religionem,
590 1912 713 1972 caeteris
736 1911 1001 1990 quibuscumque
1024 1915 1168 1976 cultibus
1194 1930 1249 1974 ex-

232 1993 331 2055 clusis
353 2015 380 2051 ».

269 2076 304 2135 2²
328 2097 340 2125 a
363 2073 441 2133 llinc
455 2068 665 2131 laudabiliter
678 2071 712 2131 in
727 2069 927 2147 quibusdam
942 2071 1092 2133 catholici
1107 2073 1248 2136 nominis

229 2153 420 2233 regionibus
444 2151 520 2228 lege
546 2154 680 2209 cautum
706 2160 767 2220 est,
793 2155 830 2210 ut
851 2151 1129 2213 hominibusilluc
1144 2153 1250 2213 immi·

229 2234 400 2315 grantibus
415 2231 513 2290 liceat
527 2230 697 2305 publicum
711 2230 834 2308 proprii
849 2230 1011 2309 cujusque
1028 2233 1135 2293 cultus
1152 2248 1248 2293 exer-

233 2314 344 2375 citium
358 2312 481 2373 habere
498 2308 553 2389 (l).
571 2332 584 2362 »

267 2394 372 2453 AEtate
387 2395 509 2459 nostra,
527 2391 611 2449 sicut
625 2390 777 2449 omnibus
792 2388 949 2460 aetatibus,
964 2390 1071 2450 Status
1082 2392 1248 2467 politicus
1297 2424 1299 2456 :

228 2490 295 2535 non
307 2486 450 2534 secusac
465 2470 586 2547 singuli
595 2470 757 2540 homines
770 2469 920 2547 subjacet
930 2472 1106 2547 praeceptis
1120 2470 1248 2545 divinis,
1297 2512 1299 2515 >

231 2569 301 2631 quae
327 2557 363 2612 ut
388 2552 453 2613 vim
472 2550 626 2617 habeant,
646 2564 715 2608 non
735 2557 837 2625 egent
863 2546 1108 2612 confirmatione
1132 2552 1250 2628 princi·

228 2650 306 2711 pum
322 2640 355 2691 et
369 2630 577 2708 populorum.
595 2627 723 2687 Deinde
740 2628 846 2689 cultus
860 2627 964 2687 falsus
979 2644 1017 2688 ac
1036 2630 1180 2691 mendax
1202 2635 1251 2691 est

229 2713 379 2774 absolute
399 2710 595 2786 reprobatus
616 2724 635 2767 a
654 2709 735 2779 Dec,
758 2707 911 2785 adeoque
930 2709 1058 2768 nullum
1074 2711 1131 2789 jus
1150 2711 1250 2771 habet

230 2792 269 2855 ad
286 2792 427 2852 liberum
442 2805 480 2849 ao
494 2788 664 2866 publicum
680 2788 883 2848 exercitium.

269 2876 301 2933 2⁰
321 2873 564 2940 Verumtamen,
586 2884 627 2927 ex
645 2868 707 2926 hac
727 2868 906 2928 certissima
929 2864 1161 2937 doctrinanon
1174 2870 1251 2930 licet

229 2956 359 3014 austero
385 2948 480 3010 nimis
497 2964 589 3009 more
611 2948 722 3008 statim
744 2946 955 3019 concludere,
979 2950 1012 3006 in
1037 2964 1114 3008 caso
1138 2949 1248 3025 aliquo

223 3030 436 3111 particulari,
462 3034 574 3089 contra
597 3026 794 3104 principem,
816 3027 871 3103 qui
889 3026 1078 3087 libertatem
1104 3028 1248 3089 cultuum

226 3113 449 3191 permitteret;
468 3123 545 3168 nam
561 3105 765 3184 quandoque
780 3106 856 3166 talia
874 3105 1088 3166 inveniuntur
1108 3107 1246 3186 adjunc-

228 3200 271 3265 ta,
293 3206 369 3270 quae
390 3190 626 3266 obligationem
647 3188 746 3247 etiam
771 3185 956 3246 absolutam
976 3188 1123 3263 supremi
1147 3188 1248 3263 impe-

226 3274 328 3335 rantis
343 3271 471 3342 tollunt‚
483 3268 580 3347 juxta
595 3281 742 3343 sequens
755 3265 952 3342 principium
969 3284 976 3325 :
995 3269 1039 3327 ad
1051 3267 1250 3343 impossibile

226 3369 320 3414 nemo
334 3356 471 3419 tenetur,
488 3346 578 3425 quod
595 3348 694 3407 etiam
711 3346 800 3406 valet
814 3345 948 3423 quando
972 3348 1081 3423 agitur
1106 3345 1147 3407 de
1171 3362 1247 3424 pra·

228 3437 325 3509 cepto
354 3429 474 3492 divino.
499 3430 598 3489 Porro
621 3428 656 3486 in
675 3440 819 3501 presens
841 3426 948 3503 agitur
964 3425 1005 3487 de
1030 3426 1107 3504 lege
1127 3424 1246 3500 divina,

228 3512 379 3590 adeoque
394 3510 465 3570 sola
479 3506 723 3585 impossibilitas
740 3506 873 3583 proprie
895 3505 981 3567 dicta
1000 3509 1111 3582 potest
1128 3511 1248 3569 statum

24 3692 122 3761 Q
213 3648 214 3653 ’
260 3682 292 3746 (1)
306 3682 385 3747 pap.
400 3680 439 3741 n,
453 3678 492 3739 rs,
511 3678 640 3729 damnata
653 3676 684 3727 aa
695 3675 758 3742 syn.
773 3675 914 3742 alcyonea
931 3677 1039 3732 orama
1051 3692 1121 3729 cura
1133 3692 1244 3733 annexo·
