2642 4250
436 290 539 334 aratus
561 279 719 334 sentinus,
1050 268 1091 332 99

73 404 201 466 fruetus
222 403 355 482 proprie
377 403 483 465 dietus
505 405 540 466 in
568 405 670 466 rebus
695 420 765 483 qua
785 403 854 466 solo
878 420 943 467 usu
968 418 1090 466 consu·

75 489 219 557 munim,
252 488 289 544 ut
316 488 393 545 sunt
413 485 538 558 vinum,
565 485 717 557 triticum,
750 483 904 562 pecunia,
937 489 1014 558 ete,
1046 481 1089 548 de

75 565 197 644 quibus
214 559 423 626 ususfructus
444 580 463 624 a
485 563 630 626 dominio
651 579 720 625 non
740 568 851 641 potest
870 567 1027 641 separari.

79 698 150 760 183.
172 729 210 739 —
231 697 340 756 Tussis
361 697 383 756 l.
411 698 470 757 tus
485 697 698 772 proprietatis
719 712 784 758 uon
808 702 914 761 oritur
933 713 977 759 ex
992 703 1091 774 pacto

119 793 219 853 neque
233 791 276 837 ex
289 777 413 852 lapibus
433 777 590 838 civilibus.
685 808 687 811 ·

120 904 201 968 Noto
222 901 244 961 l.
268 901 340 960 Non
363 901 471 978 agitur
492 899 534 962 de
555 901 625 964 solo
646 917 709 961 usu
731 915 854 976 rerum,
881 901 967 964 eirea
990 919 1092 982 quem

78 997 178 1044 nemo
199 982 369 1060 ambigere
390 984 511 1055 potest,
535 980 614 1058 quin
636 977 794 1042 fundetur
813 983 847 1043 in
867 987 994 1058 natura,
1018 998 1094 1046 oum

80 1064 178 1124 homo
210 1061 252 1121 sit
272 1059 346 1121 finis
366 1061 533 1136 proximus
555 1066 589 1122 et
617 1060 833 1122 secundarius
853 1067 1091 1126 ualurae’exte·

80 1142 188 1215 rioris;
205 1139 268 1202 sed
285 1142 392 1218 agitur
401 1139 443 1201 de
456 1140 597 1204 dominio
609 1140 817 1217 proprietatis
826 1143 937 1203 stricte
947 1147 1092 1220 sumpto.

120 1223 205 1282 Nota
227 1221 262 1279 ll.
299 1220 422 1280 Nostris
445 1221 652 1297 temporibus
674 1220 850 1283 socialistae
877 1225 911 1283 et
943 1239 1092 1284 commu-

84 1302 173 1362 nistae
196 1297 346 1376 quaedam
367 1303 548 1379 systemata
569 1300 803 1360 nonnullorum
823 1300 1096 1378 philosophorum

84 1380 291 1443 ethnicorum
317 1393 336 1438 e
367 1379 532 1441 cineribus
566 1381 760 1448 excitarunt,
791 1379 918 1440 aientes
948 1383 1094 1458 proprie-

85 1461 156 1523 tatis
185 1458 254 1538 jus
268 1465 341 1519 'non
373 1460 505 1537 abipsa
531 1465 647 1520 natura
668 1458 840 1535 proticisci,
863 1459 924 1522 sed
946 1478 988 1522 ex
1006 1461 1095 1524 furto

85 1541 271 1616 aliquorum
293 1554 366 1599 eum
389 1537 508 1600 damno
530 1540 733 1618 reliquorum
754 1540 840 1600 oriri.

123 1619 290 1679 Probatur
325 1621 353 1678 la
376 1635 469 1694 pars.
504 1621 533 1678 ll
565 1622 621 1680 Jus
642 1621 850 1697 proprietatis
873 1623 988 1696 quovis
1010 1624 1094 1682 tem-

85 1713 166 1776 pore
181 1697 270 1774 apud
284 1704 401 1775 gentes
423 1699 569 1760 exsultas
589 1700 764 1776 reperitur,
782 1704 815 1760 et
828 1699 961 1762 historia
972 1701 1097 1761 nullum

86 1778 180 1839 affert
202 1783 454 1838 monumentum
475 1777 516 1838 ad
539 1779 806 1840 communitatem
827 1779 988 1842 honorum
1019 1798 1098 1858 pro·

86 1856 247 1926 bandum,
277 1873 340 1918 nec
370 1859 475 1918 ullum
504 1859 680 1938 vestigium
712 1860 810 1936 pacti,
845 1859 935 1921 initio
969 1860 1096 1938 disper·

87 1937 189 1998 sionis
224 1935 430 2009 familiarum,
462 1936 540 1999 faoti
577 1959 584 1998 :
617 1941 708 2016 atqui
737 1937 772 1998 id
805 1937 895 2014 quod
935 1943 1100 2016 reperitur

87 2033 220 2094 semper
243 2021 275 2077 et
296 2017 418 2094 ubique
441 2020 520 2094 quin
551 2019 616 2078 ulla
646 2034 744 2079 eausa
776 2017 963 2096 particulari
995 2021 1100 2097 expli-

88 2098 152 2159 cari
189 2095 304 2175 possit,
326 2113 345 2157 a
366 2101 484 2159 natura
520 2098 622 2160 debet
656 2099 764 2176 aliquo
799 2097 899 2160 modo
936 2099 1101 2176 proficisci

87 2178 124 2257 (l,
148 2175 230 2254 213).
256 2210 295 2219 -·
315 2177 398 2257 Ergo
416 2178 473 2257 jus
494 2178 704 2256 proprietatis
739 2194 780 2239 ex
811 2179 882 2241 solo
914 2187 1011 2255 pacto
1042 2181 1100 2242 hu·

86 2271 187 2317 mano
210 2272 278 2317 uon
300 2257 412 2318 oritur.

128 2338 162 2397 2ο
197 2336 383 2397 Dominium
406 2340 457 2397 est
489 2343 624 2415 propter
657 2352 755 2397 usum
775 2336 938 2411 stabilem,
961 2354 1023 2399 seu
1052 2344 1103 2400 est

89 2413 347 2477 fundamentum
357 2419 579 2478 necessarium
592 2417 732 2495 hujusce
744 2418 940 2493 stabilitatis3
953 2417 1015 2479 sed
1024 2418 1101 2497 jure

89 2497 233 2557 naturali
254 2497 349 2556 homo
379 2497 502 2556 habere
525 2502 635 2572 potest
661 2512 760 2558 usum
788 2498 962 2558 stabilem:
980 2499 1102 2559 etenim
1191 2559 1194 2566 ,

91 2578 121 2635 l⁰
142 2576 243 2635 homo
265 2577 366 2637 habet
384 2576 532 2637 naturale
555 2576 735 2639 dominium
757 2578 956 2637 exteriorum
978 2594 1101 2654 rerum,

90 2660 256 2732 quatenus
280 2661 329 2716 est
349 2654 422 2718 finis
443 2660 565 2717 naturae
589 2657 777 2729 exterioris3
794 2673 848 2717 res
864 2674 944 2735 ergo
960 2663 1103 2721 externa

90 2736 282 2796 naturaliter
304 2736 476 2814 subjacent
497 2737 633 2807 homini;
657 2736 707 2802 his
730 2737 771 2797 de
794 2738 900 2797 causis
917 2737 989 2816 jam
1006 2737 1104 2800 docet

90 2815 185 2876 Arist.
210 2814 253 2894 (l)
274 2816 518 2893 possessionem
539 2831 649 2876 rerum
672 2818 868 2876 exteriorum
891 2833 965 2877 esse
978 2818 1104 2880 homini

90 2897 289 2956 naturalem.
312 2897 344 2956 20
365 2896 529 2957 Stahilitas
551 2898 769 2971 possessionis
790 2910 858 2956 non
888 2899 997 2957 minus
1026 2896 1103 2960 fun·

92 2972 191 3035 datur
212 2976 246 3035 ln
267 2976 338 3052 ipso
361 2974 475 3037 ordine
497 2980 619 3037 naturae
643 2994 650 3035 :
674 2978 770 3037 homo
794 2977 880 3035 enim
911 2978 1013 3038 rebus
1043 2994 1105 3039 na-

92 3060 182 3127 turae,
206 3070 273 3116 non
294 3056 329 3115 in
349 3071 474 3134 genere
497 3056 584 3116 etin
605 3054 782 3127 abstracto,
806 3055 868 3117 sed
893 3058 1009 3119 talibus
1029 3075 1104 3135 per-

92 3140 193 3211 petuo
215 3139 304 3213 eget,
330 3140 362 3195 et
382 3135 456 3196 ideo
479 3152 533 3195 res
555 3134 779 3197 determinata
793 3136 834 3197 ad
850 3136 1106 3198 determinatum

92 3213 262 3274 hominem
283 3214 380 3276 modo
403 3215 511 3275 stabili
532 3214 683 3277 ordinem
714 3213 825 3275 disere
857 3222 1006 3292 possunt.
1038 3219 1104 3278 Do-

94 3292 372 3355 miniumhominis
392 3298 427 3354 ln
444 3302 593 3355 naturam
616 3296 707 3373 quod
728 3296 762 3354 in
783 3295 947 3357 abstracto
989 3301 1040 3358 est
1070 3296 1104 3356 in

93 3372 309 3447 humanitate,
332 3378 371 3435 ut
391 3377 448 3447 sio,
472 3378 523 3435 est
542 3374 642 3437 modo
666 3375 880 3436 determinato
904 3382 935 3435 et
950 3381 1104 3438 concreto

95 3453 130 3511 in
151 3452 289 3533 singulis
311 3453 508 3515 hominibus.
531 3455 616 3533 Ergo
641 3461 673 3515 et
693 3458 800 3532 lpsum
826 3453 1007 3517 dominium
1036 3472 1105 3519 non

97 3538 255 3609 expecto
279 3536 376 3595 unice
397 3534 510 3597 oritur.

127 3685 162 3753 (l)
177 3688 259 3741 Petu.
274 3703 300 3740 e.
313 3688 338 3740 5.
