2642 4250
469 298 571 344 nrmm
593 295 749 342 srxcnns.
1058 279 1114 340 173

88 420 148 474 ter
165 416 219 477 vel
231 416 403 476 actualiter
416 411 539 476 subditi
553 413 714 487 Ecclesiae,
732 414 808 490 quia
823 428 940 473 omnes
964 411 1006 473 ad
1029 412 1112 473 salu·

89 499 168 555 tem
183 488 336 557 aeternam
351 501 427 556 sunt
441 492 559 564 vocati,
574 498 607 554 et
621 509 719 554 nemo
732 495 834 554 linem
848 492 998 553 ultimum
1009 490 1113 551 diver-

87 590 174 636 sum
201 576 300 635 habet
327 575 369 634 ab
396 574 451 634 illo
480 588 580 650 quem
607 576 818 650 prosequitur
844 574 1000 634 Ecclesia.
1027 573 1112 649 Ergo

87 655 250 716 Ecclesiae
273 655 330 733 jus
356 653 542 716 inviolabile
570 655 725 731 competit
750 669 826 714 sese
850 650 1056 714 diffundendi
1080 656 1114 712 in

90 737 292 796 universum
306 735 432 794 orbem.

139 816 209 876 301.
233 848 271 856 -
295 813 524 874 corollarium.
548 812 626 872 Hinc
647 829 665 871 a
686 811 810 874 fortiori
829 813 885 890 jus
906 812 1007 872 habet
1038 827 1113 871 sese

93 893 321 955 constituendi
335 895 369 954 in
390 893 470 953 locis
491 893 548 954 ubi
568 896 644 952 sunt
664 891 795 966 fideles3
814 909 880 951 non
900 897 1011 968 potest
1025 892 1113 952 enim

93 989 135 1034 se
154 989 337 1052 propagare
362 973 424 1032 nisi
445 971 630 1034 secundum
651 989 745 1032 suam
768 973 1006 1033 immutabilem
1032 987 1113 1032 con-

94 1055 316 1122 stitutionem,
331 1051 475 1129 ideoque
489 1053 638 1129 proprios
653 1051 803 1114 subditos
824 1052 911 1130 regit
928 1049 1113 1112 secundum

95 1134 186 1194 hanc
202 1132 467 1193 constitutionem
482 1146 556 1209 quae
579 1133 743 1193 immutari
759 1132 875 1209 nequit
889 1132 957 1195 sive
974 1131 1112 1206 abipsa,

95 1215 169 1275 sive
185 1214 225 1275 ab
241 1213 321 1274 aliis.
340 1211 418 1272 inde
434 1228 509 1273 sese
537 1213 688 1273 evolvere
711 1212 813 1273 debet
832 1212 927 1290 juxta
949 1214 1114 1288 propriam

96 1298 261 1354 naturam.

243 1403 282 1452 De
298 1397 395 1450 ambitu
405 1398 502 1466 jurium
516 1401 635 1452 Ecclesiae
651 1401 680 1450 in
693 1402 841 1452 societatem
855 1402 964 1451 civilem.

140 1513 207 1574 302.
228 1543 268 1554 -
291 1512 383 1572 Nunc
398 1511 533 1587 speciali
557 1511 655 1572 modo
682 1513 896 1590 quarendum
921 1517 972 1573 est
993 1528 1115 1589 quous-

98 1609 165 1670 que
179 1592 327 1671 legitime
343 1590 496 1668 protendi
510 1595 637 1668 possint
656 1593 734 1671 jura
755 1594 952 1655 Ecclesiam
968 1595 1108 1654 societa-

99 1679 166 1732 tem
189 1673 328 1732 civilem.
351 1672 483 1747 Triplex
498 1673 664 1733 societatis
685 1674 783 1734 civilis
807 1676 937 1750 species
956 1675 1112 1748 respectu

98 1753 249 1814 Ecclesia
283 1749 517 1829 distinguenda
552 1756 613 1825 est,
638 1769 758 1830 nempe
789 1756 818 1813 1ο
838 1755 980 1814 societas
1013 1750 1113 1812 civilis

98 1831 292 1906 infidelium,
314 1832 346 1891 2⁰
360 1831 501 1893 societas
524 1831 626 1892 civilis
651 1835 889 1903 haereticorum,
914 1835 946 1894 3⁰
970 1832 1112 1894 societas

101 1912 201 1972 civilis
214 1911 459 1972 catholicorum.
476 1910 615 1972 Probata
628 1914 743 1990 utique
764 1915 950 1990 generatim
965 1916 998 1973 et
1011 1911 1115 1974 veluti

100 1992 133 2050 in
158 1992 325 2050 abstracto
352 1990 502 2067 primatia
543 1995 710 2054 societatis
737 1993 901 2070 religiosae
935 2009 1000 2070 prae
1029 1991 1113 2051 civili

103 2070 196 2150 (295),
214 2069 350 2148 speciali
364 2069 463 2133 modo
478 2074 513 2133 in
533 2088 677 2149 praesens
704 2072 737 2134 id
761 2071 985 2135 deliniendum
1002 2077 1063 2133 est.

139 2154 161 2211 l.
186 2152 233 2212 De
249 2152 289 2211 iis
304 2150 360 2228 qui
376 2152 453 2211 loris
479 2156 565 2223 sunt,
591 2169 652 2213 seu
678 2151 719 2213 de
745 2152 946 2224 infidelibus
969 2154 1114 2214 Ecclesia

99 2246 164 2292 non
173 2230 304 2309 judicat
319 2232 372 2309 (l),
388 2230 531 2309 ideoque
554 2234 696 2293 societas
710 2232 894 2295 infidelium
916 2238 967 2295 est
981 2233 1113 2310 penitus

99 2314 190 2369 extra
203 2310 394 2380 Ecclesiam,
412 2314 445 2371 et
459 2312 589 2390 legibus
604 2329 687 2390 pure
703 2315 937 2375 ecclesiasticis
963 2329 1030 2375 non
1054 2314 1113 2373 oh·

103 2391 287 2467 stringitur,
305 2406 374 2467 quae
389 2393 486 2453 unice
499 2394 682 2469 respiciunt
695 2393 865 2466 subditos;
883 2392 944 2455 sed
955 2394 1012 2471 jus
1033 2392 1112 2453 divi·

98 2471 185 2529 nitus
209 2470 364 2529 collatum
386 2475 475 2533 certo
490 2473 641 2533 Ecclesiae
656 2475 816 2549 competit
830 2472 1046 2534 convertendi
1066 2473 1114 2533 in—

98 2548 225 2620 fideles,
262 2556 299 2609 ut
333 2554 460 2611 constat
481 2568 523 2611 ex
545 2552 650 2625 dictis,
674 2570 736 2613 seu
756 2555 882 2614 bellum
915 2557 1115 2629 perpetuum

97 2628 267 2690 indicendi
281 2630 429 2691 societati
442 2630 577 2705 infideli,
594 2648 670 2710 quae
691 2635 887 2711 religionem
909 2634 1025 2693 falsam
1040 2650 1113 2710 pro·

13 2774 14 2791 ξ
97 2708 219 2769 fitetur.
235 2709 345 2769 Potest
367 2718 527 2787 perpetuo
551 2713 725 2773 immittere
741 2730 853 2773 sacros
876 2712 1055 2775 bellatores
1079 2714 1114 2772 in

13 2796 15 2799 ’
99 2788 281 2850 dominium
293 2790 453 2868 cujusque
464 2792 630 2853 societatis
644 2792 831 2855 infidelibus
847 2796 1045 2866 constantis;
1064 2796 1115 2852 est

13 2862 15 2919 t
99 2884 179 2949 ergo
201 2873 306 2929 status
327 2869 405 2929 belli
419 2872 583 2947 perpetui,
599 2889 669 2933 non
691 2878 802 2933 autem
830 2871 1039 2949 pacificarum
1062 2889 1113 2934 re·

13 2972 15 3017 t
97 2949 274 3022 lationum;
299 2950 415 3010 caritas
429 2951 583 3012 Ecclesiae
598 2950 794 3031 infatigabili
815 2969 894 3013 cura
917 2958 1017 3033 urget
1041 2968 1114 3013 om-

13 3206 16 3241 l

98 3044 160 3088 nes
174 3026 339 3089 infideles.

139 3108 174 3167 ll.
192 3110 347 3181 Haeretici,
373 3110 523 3172 absolute
544 3112 725 3190 loquendo,
749 3113 966 3191 subjiciuntur
975 3111 1109 3191 jurisdi-

98 3186 198 3247 ctioni
212 3189 372 3262 Ecclesiae,
391 3190 478 3267 quia,
495 3196 533 3251 ut
547 3192 591 3253 ait
605 3193 741 3255 effatum
751 3194 836 3271 juris
854 3213 861 3253 :
878 3193 1008 3255 Nemini
1018 3191 1115 3265 fraus

97 3270 126 3325 et
141 3267 235 3328 delus
247 3270 453 3343 patrocinari
472 3273 576 3346 debet;
591 3290 688 3349 porro
710 3274 859 3335 haeretici
884 3287 983 3333 causa
1005 3271 1113 3330 crimi-

97 3348 149 3405 nis
178 3352 256 3408 sunt
287 3353 432 3411 extorres
463 3352 503 3411 ab
536 3354 692 3415 Ecclesia.
717 3354 862 3414 Diximus
890 3351 1041 3412 absolute
1062 3351 1111 3409 lo·

98 3426 233 3501 quondo
251 3445 260 3487 :
275 3443 353 3489 nam
368 3429 488 3490 dantur
505 3432 655 3508 quadam
676 3432 923 3494 circumstantia
942 3432 974 3493 in
993 3430 1113 3509 quibus

98 3506 292 3567 exercitium
316 3507 552 3584 jurisdictionis
581 3514 807 3575 ecclesiastica
837 3510 1029 3591 gravissima
1064 3512 1112 3589 gi·

97 3591 217 3663 gneret
234 3590 443 3651 incommoda
464 3608 523 3668 pro
553 3593 776 3667 heterodoxis,
807 3597 840 3652 et
868 3596 946 3652 tunc
966 3592 1111 3669 Ecclesia

128 3694 161 3763 (1)
177 3700 188 3748 1
202 3698 260 3750 Cor.
276 3702 309 3763 V,
328 3702 365 3751 12.
