<?xml version="1.0" encoding="UTF-8"?>
<!DOCTYPE html PUBLIC "-//W3C//DTD XHTML 1.0 Transitional//EN"
    "http://www.w3.org/TR/xhtml1/DTD/xhtml1-transitional.dtd">
<html xmlns="http://www.w3.org/1999/xhtml" xml:lang="en" lang="en">
 <head>
  <title>
</title>
<meta http-equiv="Content-Type" content="text/html;charset=utf-8" />
  <meta name='ocr-system' content='tesseract 3.04.00' />
  <meta name='ocr-capabilities' content='ocr_page ocr_carea ocr_par ocr_line ocrx_word'/>
</head>
<body>
  <div class='ocr_page' id='page_1' title='image "./brevariumphilos00grangoog_0150.png"; bbox 0 0 2642 4250; ppageno 0'>
   <div class='ocr_carea' id='block_1_1' title="bbox 544 283 946 340">
    <p class='ocr_par' dir='ltr' id='par_1_1' title="bbox 544 283 946 340">
     <span class='ocr_line' id='line_1_1' title="bbox 544 283 946 340; baseline 0 -2"><span class='ocrx_word' id='word_1_1' title='bbox 544 283 723 340; x_wconf 80' lang='lat' dir='ltr'>n&#39;nnrnnmn</span> <span class='ocrx_word' id='word_1_2' title='bbox 744 295 946 339; x_wconf 78' lang='lat' dir='ltr'>rnicosornna</span> 
     </span>
    </p>
   </div>
   <div class='ocr_carea' id='block_1_2' title="bbox 543 441 867 532">
    <p class='ocr_par' dir='ltr' id='par_1_2' title="bbox 543 441 867 532">
     <span class='ocr_line' id='line_1_2' title="bbox 543 441 867 532; baseline -0.009 -15"><span class='ocrx_word' id='word_1_3' title='bbox 543 441 546 446; x_wconf 78' lang='grc'>’</span> <span class='ocrx_word' id='word_1_4' title='bbox 624 461 821 532; x_wconf 77' lang='lat' dir='ltr'>laricanus</span> <span class='ocrx_word' id='word_1_5' title='bbox 837 464 867 515; x_wconf 93' lang='lat' dir='ltr'>n.</span> 
     </span>
    </p>
   </div>
   <div class='ocr_carea' id='block_1_3' title="bbox 468 599 1008 675">
    <p class='ocr_par' dir='ltr' id='par_1_3' title="bbox 468 599 1008 675">
     <span class='ocr_line' id='line_1_3' title="bbox 468 599 1008 675; baseline -0.002 -17"><span class='ocrx_word' id='word_1_6' title='bbox 468 603 514 658; x_wconf 85' lang='lat' dir='ltr'>De</span> <span class='ocrx_word' id='word_1_7' title='bbox 530 614 685 674; x_wconf 83' lang='lat' dir='ltr'>supreme</span> <span class='ocrx_word' id='word_1_8' title='bbox 694 603 851 675; x_wconf 74' lang='lat' dir='ltr'><em>potestate</em></span> <span class='ocrx_word' id='word_1_9' title='bbox 860 599 1008 674; x_wconf 73' lang='lat' dir='ltr'>politico.</span> 
     </span>
    </p>
   </div>
   <div class='ocr_carea' id='block_1_4' title="bbox 236 749 1249 906">
    <p class='ocr_par' dir='ltr' id='par_1_4' title="bbox 236 749 1249 906">
     <span class='ocr_line' id='line_1_4' title="bbox 275 749 1249 828; baseline -0.002 -17"><span class='ocrx_word' id='word_1_10' title='bbox 275 755 422 828; x_wconf 82' lang='lat' dir='ltr'>Agamus</span> <span class='ocrx_word' id='word_1_11' title='bbox 446 749 486 810; x_wconf 91' lang='lat' dir='ltr'>de</span> <span class='ocrx_word' id='word_1_12' title='bbox 503 752 638 826; x_wconf 79' lang='lat' dir='ltr'>criptae,</span> <span class='ocrx_word' id='word_1_13' title='bbox 664 754 785 810; x_wconf 84' lang='lat' dir='ltr'>notura</span> <span class='ocrx_word' id='word_1_14' title='bbox 809 753 842 809; x_wconf 85' lang='lat' dir='ltr'>et</span> <span class='ocrx_word' id='word_1_15' title='bbox 856 751 956 810; x_wconf 78' lang='lat' dir='ltr'>cartis</span> <span class='ocrx_word' id='word_1_16' title='bbox 967 750 1087 824; x_wconf 77' lang='lat' dir='ltr'>formis</span> <span class='ocrx_word' id='word_1_17' title='bbox 1101 751 1249 809; x_wconf 71' lang='lat' dir='ltr'>acciden-</span> 
     </span>
     <span class='ocr_line' id='line_1_5' title="bbox 236 829 886 906; baseline -0.002 -16"><span class='ocrx_word' id='word_1_18' title='bbox 236 831 358 891; x_wconf 79' lang='lat' dir='ltr'>talibus</span> <span class='ocrx_word' id='word_1_19' title='bbox 372 846 531 906; x_wconf 75' lang='lat' dir='ltr'>supremae</span> <span class='ocrx_word' id='word_1_20' title='bbox 553 832 724 906; x_wconf 84' lang='lat' dir='ltr'>potestatis</span> <span class='ocrx_word' id='word_1_21' title='bbox 739 829 886 906; x_wconf 77' lang='lat' dir='ltr'>politica.</span> 
     </span>
    </p>
   </div>
   <div class='ocr_carea' id='block_1_5' title="bbox 280 967 1204 1039">
    <p class='ocr_par' dir='ltr' id='par_1_5' title="bbox 280 967 1204 1039">
     <span class='ocr_line' id='line_1_6' title="bbox 280 967 1204 1039; baseline 0 -17"><span class='ocrx_word' id='word_1_22' title='bbox 280 973 298 1034; x_wconf 61' lang='grc' dir='ltr'>θ</span> <span class='ocrx_word' id='word_1_23' title='bbox 313 970 332 1022; x_wconf 91' lang='grc' dir='ltr'>Ι.</span> <span class='ocrx_word' id='word_1_24' title='bbox 345 971 429 1023; x_wconf 91' lang='lat' dir='ltr'>-De</span> <span class='ocrx_word' id='word_1_25' title='bbox 444 967 560 1037; x_wconf 82' lang='lat' dir='ltr'>origine</span> <span class='ocrx_word' id='word_1_26' title='bbox 576 981 724 1038; x_wconf 89' lang='lat' dir='ltr'>supremae</span> <span class='ocrx_word' id='word_1_27' title='bbox 737 968 896 1038; x_wconf 88' lang='lat' dir='ltr'>potestatis</span> <span class='ocrx_word' id='word_1_28' title='bbox 915 969 945 1022; x_wconf 93' lang='lat' dir='ltr'>in</span> <span class='ocrx_word' id='word_1_29' title='bbox 956 969 1098 1039; x_wconf 84' lang='lat' dir='ltr'>societate</span> <span class='ocrx_word' id='word_1_30' title='bbox 1113 969 1204 1024; x_wconf 87' lang='lat' dir='ltr'>civili.</span> 
     </span>
    </p>
   </div>
   <div class='ocr_carea' id='block_1_6' title="bbox 177 1102 1311 3731">
    <p class='ocr_par' dir='ltr' id='par_1_6' title="bbox 177 1102 1250 1978">
     <span class='ocr_line' id='line_1_7' title="bbox 276 1102 1250 1182; baseline -0.002 -18"><span class='ocrx_word' id='word_1_31' title='bbox 276 1103 346 1164; x_wconf 88' lang='grc'><strong>252.</strong></span> <span class='ocrx_word' id='word_1_32' title='bbox 365 1103 535 1164; x_wconf 89' lang='lat' dir='ltr'>-Omnia</span> <span class='ocrx_word' id='word_1_33' title='bbox 557 1107 731 1182; x_wconf 80' lang='lat' dir='ltr'><em>systemata</em></span> <span class='ocrx_word' id='word_1_34' title='bbox 758 1105 842 1162; x_wconf 89' lang='lat' dir='ltr'>circa</span> <span class='ocrx_word' id='word_1_35' title='bbox 866 1109 950 1163; x_wconf 88' lang='lat' dir='ltr'>nanc</span> <span class='ocrx_word' id='word_1_36' title='bbox 970 1105 1182 1180; x_wconf 75' lang='lat' dir='ltr'>questionem</span> <span class='ocrx_word' id='word_1_37' title='bbox 1209 1102 1250 1162; x_wconf 93' lang='lat' dir='ltr'>ad</span> 
     </span>
     <span class='ocr_line' id='line_1_8' title="bbox 238 1182 1247 1259; baseline 0 -17"><span class='ocrx_word' id='word_1_38' title='bbox 238 1184 296 1243; x_wconf 92' lang='lat' dir='ltr'>tria</span> <span class='ocrx_word' id='word_1_39' title='bbox 311 1182 425 1243; x_wconf 81' lang='lat' dir='ltr'>reduci</span> <span class='ocrx_word' id='word_1_40' title='bbox 441 1186 590 1259; x_wconf 84' lang='lat' dir='ltr'>possunt,</span> <span class='ocrx_word' id='word_1_41' title='bbox 607 1198 727 1259; x_wconf 81' lang='lat' dir='ltr'>nempe</span> <span class='ocrx_word' id='word_1_42' title='bbox 746 1183 774 1240; x_wconf 89' lang='lat' dir='ltr'>l⁰</span> <span class='ocrx_word' id='word_1_43' title='bbox 790 1182 832 1242; x_wconf 87' lang='lat' dir='ltr'>ad</span> <span class='ocrx_word' id='word_1_44' title='bbox 847 1191 1047 1244; x_wconf 81' lang='lat' dir='ltr'>contractum</span> <span class='ocrx_word' id='word_1_45' title='bbox 1073 1184 1247 1254; x_wconf 87' lang='lat' dir='ltr'>socialem;</span> 
     </span>
     <span class='ocr_line' id='line_1_9' title="bbox 235 1261 1248 1333; baseline -0.002 -10"><span class='ocrx_word' id='word_1_46' title='bbox 235 1264 269 1323; x_wconf 72' lang='grc'>2·’</span> <span class='ocrx_word' id='word_1_47' title='bbox 285 1264 326 1324; x_wconf 89' lang='lat' dir='ltr'>ad</span> <span class='ocrx_word' id='word_1_48' title='bbox 343 1263 546 1325; x_wconf 85' lang='lat' dir='ltr'>collationem</span> <span class='ocrx_word' id='word_1_49' title='bbox 564 1261 718 1333; x_wconf 84' lang='lat' dir='ltr'>divinam,</span> <span class='ocrx_word' id='word_1_50' title='bbox 735 1262 953 1324; x_wconf 83' lang='lat' dir='ltr'>mediantibus</span> <span class='ocrx_word' id='word_1_51' title='bbox 969 1278 1132 1324; x_wconf 80' lang='lat' dir='ltr'>concursu</span> <span class='ocrx_word' id='word_1_52' title='bbox 1152 1271 1248 1322; x_wconf 87' lang='lat' dir='ltr'>nalu-</span> 
     </span>
     <span class='ocr_line' id='line_1_10' title="bbox 177 1341 1247 1418; baseline 0.002 -16"><span class='ocrx_word' id='word_1_53' title='bbox 177 1344 178 1349; x_wconf 76' lang='grc'>’</span> <span class='ocrx_word' id='word_1_54' title='bbox 236 1343 296 1402; x_wconf 90' lang='lat' dir='ltr'>rali</span> <span class='ocrx_word' id='word_1_55' title='bbox 322 1347 354 1402; x_wconf 92' lang='lat' dir='ltr'>et</span> <span class='ocrx_word' id='word_1_56' title='bbox 379 1345 611 1418; x_wconf 83' lang='lat' dir='ltr'>cooperatione</span> <span class='ocrx_word' id='word_1_57' title='bbox 631 1343 785 1416; x_wconf 86' lang='lat' dir='ltr'>liominis;</span> <span class='ocrx_word' id='word_1_58' title='bbox 814 1342 903 1404; x_wconf 86' lang='lat' dir='ltr'>3⁰ad</span> <span class='ocrx_word' id='word_1_59' title='bbox 927 1341 1106 1402; x_wconf 82' lang='lat' dir='ltr'>doctrinam</span> <span class='ocrx_word' id='word_1_60' title='bbox 1131 1343 1173 1403; x_wconf 92' lang='lat' dir='ltr'>de</span> <span class='ocrx_word' id='word_1_61' title='bbox 1200 1341 1247 1404; x_wconf 91' lang='lat' dir='ltr'>di-</span> 
     </span>
     <span class='ocr_line' id='line_1_11' title="bbox 237 1421 1249 1485; baseline 0 -4"><span class='ocrx_word' id='word_1_62' title='bbox 237 1426 327 1482; x_wconf 88' lang='lat' dir='ltr'>recta</span> <span class='ocrx_word' id='word_1_63' title='bbox 357 1427 390 1481; x_wconf 90' lang='lat' dir='ltr'>et</span> <span class='ocrx_word' id='word_1_64' title='bbox 417 1421 603 1484; x_wconf 87' lang='lat' dir='ltr'>immediata</span> <span class='ocrx_word' id='word_1_65' title='bbox 638 1423 810 1485; x_wconf 82' lang='lat' dir='ltr'>collatione</span> <span class='ocrx_word' id='word_1_66' title='bbox 840 1438 858 1481; x_wconf 94' lang='lat' dir='ltr'>a</span> <span class='ocrx_word' id='word_1_67' title='bbox 888 1425 952 1482; x_wconf 88' lang='lat' dir='ltr'>Dec</span> <span class='ocrx_word' id='word_1_68' title='bbox 980 1424 1077 1482; x_wconf 80' lang='lat' dir='ltr'>facta.</span> <span class='ocrx_word' id='word_1_69' title='bbox 1107 1422 1249 1481; x_wconf 91' lang='lat' dir='ltr'>Primum</span> 
     </span>
     <span class='ocr_line' id='line_1_12' title="bbox 237 1502 1248 1580; baseline -0.001 -18"><span class='ocrx_word' id='word_1_70' title='bbox 237 1504 398 1580; x_wconf 79' lang='lat' dir='ltr'>originem</span> <span class='ocrx_word' id='word_1_71' title='bbox 413 1518 502 1561; x_wconf 89' lang='lat' dir='ltr'>mere</span> <span class='ocrx_word' id='word_1_72' title='bbox 528 1502 702 1561; x_wconf 85' lang='lat' dir='ltr'>humanam</span> <span class='ocrx_word' id='word_1_73' title='bbox 721 1509 752 1561; x_wconf 91' lang='lat' dir='ltr'>et</span> <span class='ocrx_word' id='word_1_74' title='bbox 767 1504 928 1578; x_wconf 87' lang='lat' dir='ltr'>paetitiam</span> <span class='ocrx_word' id='word_1_75' title='bbox 945 1504 1090 1580; x_wconf 81' lang='lat' dir='ltr'>assignat</span> <span class='ocrx_word' id='word_1_76' title='bbox 1106 1518 1248 1578; x_wconf 83' lang='lat' dir='ltr'>eamque</span> 
     </span>
     <span class='ocr_line' id='line_1_13' title="bbox 236 1580 1250 1660; baseline 0 -19"><span class='ocrx_word' id='word_1_77' title='bbox 236 1581 397 1660; x_wconf 89' lang='lat' dir='ltr'>ajnribus</span> <span class='ocrx_word' id='word_1_78' title='bbox 416 1580 671 1643; x_wconf 85' lang='lat' dir='ltr'>individualibus</span> <span class='ocrx_word' id='word_1_79' title='bbox 687 1580 793 1654; x_wconf 83' lang='lat' dir='ltr'>ducit3</span> <span class='ocrx_word' id='word_1_80' title='bbox 820 1580 1001 1641; x_wconf 89' lang='lat' dir='ltr'>secundum</span> <span class='ocrx_word' id='word_1_81' title='bbox 1027 1582 1217 1642; x_wconf 87' lang='lat' dir='ltr'>radicaliter</span> <span class='ocrx_word' id='word_1_82' title='bbox 1232 1599 1250 1641; x_wconf 93' lang='lat' dir='ltr'>a</span> 
     </span>
     <span class='ocr_line' id='line_1_14' title="bbox 236 1663 1247 1738; baseline 0 -18"><span class='ocrx_word' id='word_1_83' title='bbox 236 1663 317 1729; x_wconf 86' lang='lat' dir='ltr'>Deo,</span> <span class='ocrx_word' id='word_1_84' title='bbox 351 1667 483 1720; x_wconf 89' lang='lat' dir='ltr'>auctore</span> <span class='ocrx_word' id='word_1_85' title='bbox 508 1668 639 1731; x_wconf 75' lang='lat' dir='ltr'>naturae,</span> <span class='ocrx_word' id='word_1_86' title='bbox 665 1664 785 1737; x_wconf 86' lang='lat' dir='ltr'>repetii</span> <span class='ocrx_word' id='word_1_87' title='bbox 816 1677 1003 1737; x_wconf 87' lang='lat' dir='ltr'>supremam</span> <span class='ocrx_word' id='word_1_88' title='bbox 1036 1666 1247 1738; x_wconf 88' lang='lat' dir='ltr'>potestatem,</span> 
     </span>
     <span class='ocr_line' id='line_1_15' title="bbox 236 1741 1248 1819; baseline 0 -19"><span class='ocrx_word' id='word_1_89' title='bbox 236 1741 385 1817; x_wconf 82' lang='lat' dir='ltr'>proxime</span> <span class='ocrx_word' id='word_1_90' title='bbox 408 1742 448 1800; x_wconf 93' lang='lat' dir='ltr'>ab</span> <span class='ocrx_word' id='word_1_91' title='bbox 465 1743 535 1818; x_wconf 85' lang='lat' dir='ltr'>ipsu</span> <span class='ocrx_word' id='word_1_92' title='bbox 560 1742 791 1801; x_wconf 87' lang='lat' dir='ltr'>communitate</span> <span class='ocrx_word' id='word_1_93' title='bbox 806 1759 813 1809; x_wconf 92' lang='lat'>;</span> <span class='ocrx_word' id='word_1_94' title='bbox 841 1741 984 1817; x_wconf 88' lang='lat' dir='ltr'>denique</span> <span class='ocrx_word' id='word_1_95' title='bbox 1001 1744 1132 1801; x_wconf 90' lang='lat' dir='ltr'>tertium</span> <span class='ocrx_word' id='word_1_96' title='bbox 1148 1743 1248 1819; x_wconf 85' lang='lat' dir='ltr'>origi-</span> 
     </span>
     <span class='ocr_line' id='line_1_16' title="bbox 237 1820 1248 1898; baseline 0 -18"><span class='ocrx_word' id='word_1_97' title='bbox 237 1837 310 1882; x_wconf 89' lang='lat' dir='ltr'>nem</span> <span class='ocrx_word' id='word_1_98' title='bbox 329 1821 480 1890; x_wconf 86' lang='lat' dir='ltr'>divinam,</span> <span class='ocrx_word' id='word_1_99' title='bbox 497 1820 567 1880; x_wconf 90' lang='lat' dir='ltr'>sine</span> <span class='ocrx_word' id='word_1_100' title='bbox 590 1822 725 1896; x_wconf 88' lang='lat' dir='ltr'>speciali</span> <span class='ocrx_word' id='word_1_101' title='bbox 741 1837 779 1880; x_wconf 91' lang='lat' dir='ltr'>ac</span> <span class='ocrx_word' id='word_1_102' title='bbox 805 1820 994 1880; x_wconf 89' lang='lat' dir='ltr'>immediata</span> <span class='ocrx_word' id='word_1_103' title='bbox 1014 1825 1248 1898; x_wconf 86' lang='lat' dir='ltr'>cooperatione</span> 
     </span>
     <span class='ocr_line' id='line_1_17' title="bbox 237 1899 653 1978; baseline -0.002 -18"><span class='ocrx_word' id='word_1_104' title='bbox 237 1901 476 1962; x_wconf 84' lang='lat' dir='ltr'>communitatis</span> <span class='ocrx_word' id='word_1_105' title='bbox 499 1899 653 1978; x_wconf 78' lang='lat' dir='ltr'>assignat.</span> 
     </span>
    </p>

    <p class='ocr_par' dir='ltr' id='par_1_7' title="bbox 233 1978 1250 3093">
     <span class='ocr_line' id='line_1_18' title="bbox 276 1978 1249 2057; baseline -0.003 -16"><span class='ocrx_word' id='word_1_106' title='bbox 276 1981 401 2056; x_wconf 82' lang='grc'><strong>253-</strong></span> <span class='ocrx_word' id='word_1_107' title='bbox 418 1983 440 2040; x_wconf 88' lang='grc' dir='ltr'>Ι.</span> <span class='ocrx_word' id='word_1_108' title='bbox 458 1984 501 2040; x_wconf 89' lang='lat' dir='ltr'>De</span> <span class='ocrx_word' id='word_1_109' title='bbox 526 1985 690 2040; x_wconf 83' lang='lat' dir='ltr'>contrecta</span> <span class='ocrx_word' id='word_1_110' title='bbox 713 1979 838 2039; x_wconf 75' lang='lat' dir='ltr'>sociati.</span> <span class='ocrx_word' id='word_1_111' title='bbox 866 1978 946 2039; x_wconf 94' lang='lat' dir='ltr'>lllud</span> <span class='ocrx_word' id='word_1_112' title='bbox 970 1984 1126 2057; x_wconf 86' lang='lat' dir='ltr'>systema,</span> <span class='ocrx_word' id='word_1_113' title='bbox 1158 1979 1249 2056; x_wconf 88' lang='lat' dir='ltr'>quod</span> 
     </span>
     <span class='ocr_line' id='line_1_19' title="bbox 237 2057 1246 2132; baseline 0 -13"><span class='ocrx_word' id='word_1_114' title='bbox 237 2059 762 2120; x_wconf 52' lang='lat' dir='ltr'>estmanifestus‘protestantismi</span> <span class='ocrx_word' id='word_1_115' title='bbox 785 2061 946 2132; x_wconf 86' lang='lat' dir='ltr'>surculus,</span> <span class='ocrx_word' id='word_1_116' title='bbox 970 2075 1102 2119; x_wconf 92' lang='lat' dir='ltr'>suarum</span> <span class='ocrx_word' id='word_1_117' title='bbox 1119 2057 1246 2120; x_wconf 90' lang='lat' dir='ltr'>deduc-</span> 
     </span>
     <span class='ocr_line' id='line_1_20' title="bbox 236 2139 1250 2219; baseline 0.001 -20"><span class='ocrx_word' id='word_1_118' title='bbox 236 2144 361 2203; x_wconf 89' lang='lat' dir='ltr'>ticnum</span> <span class='ocrx_word' id='word_1_119' title='bbox 376 2140 626 2200; x_wconf 88' lang='lat' dir='ltr'>fundamentum</span> <span class='ocrx_word' id='word_1_120' title='bbox 643 2141 735 2217; x_wconf 92' lang='lat' dir='ltr'>ponit</span> <span class='ocrx_word' id='word_1_121' title='bbox 749 2141 781 2199; x_wconf 93' lang='lat' dir='ltr'>in</span> <span class='ocrx_word' id='word_1_122' title='bbox 795 2145 881 2199; x_wconf 83' lang='lat' dir='ltr'>statu</span> <span class='ocrx_word' id='word_1_123' title='bbox 896 2146 1022 2199; x_wconf 75' lang='lat' dir='ltr'>nature</span> <span class='ocrx_word' id='word_1_124' title='bbox 1036 2140 1118 2219; x_wconf 80' lang='grc'><strong>(232,</strong></span> <span class='ocrx_word' id='word_1_125' title='bbox 1137 2139 1216 2217; x_wconf 91' lang='lat' dir='ltr'>etc.)</span> <span class='ocrx_word' id='word_1_126' title='bbox 1232 2157 1250 2200; x_wconf 95' lang='lat' dir='ltr'>a</span> 
     </span>
     <span class='ocr_line' id='line_1_21' title="bbox 237 2219 1248 2297; baseline 0 -18"><span class='ocrx_word' id='word_1_127' title='bbox 237 2237 314 2297; x_wconf 88' lang='lat' dir='ltr'>quo,</span> <span class='ocrx_word' id='word_1_128' title='bbox 352 2238 416 2297; x_wconf 90' lang='lat' dir='ltr'>cpe</span> <span class='ocrx_word' id='word_1_129' title='bbox 445 2221 675 2281; x_wconf 86' lang='lat' dir='ltr'>nonnullorum</span> <span class='ocrx_word' id='word_1_130' title='bbox 705 2226 885 2296; x_wconf 85' lang='lat' dir='ltr'>pactorum,</span> <span class='ocrx_word' id='word_1_131' title='bbox 920 2219 1018 2279; x_wconf 90' lang='lat' dir='ltr'>homo</span> <span class='ocrx_word' id='word_1_132' title='bbox 1051 2219 1094 2279; x_wconf 92' lang='lat' dir='ltr'>ad</span> <span class='ocrx_word' id='word_1_133' title='bbox 1127 2225 1248 2279; x_wconf 91' lang='lat' dir='ltr'>statum</span> 
     </span>
     <span class='ocr_line' id='line_1_22' title="bbox 235 2298 1248 2368; baseline 0 -10"><span class='ocrx_word' id='word_1_134' title='bbox 235 2300 391 2361; x_wconf 86' lang='lat' dir='ltr'>socialem</span> <span class='ocrx_word' id='word_1_135' title='bbox 415 2300 576 2361; x_wconf 89' lang='lat' dir='ltr'>transiret.</span> <span class='ocrx_word' id='word_1_136' title='bbox 602 2302 698 2359; x_wconf 77' lang='lat' dir='ltr'>Juxta</span> <span class='ocrx_word' id='word_1_137' title='bbox 720 2298 986 2368; x_wconf 82' lang='lat' dir='ltr'>Puffendorfium,</span> <span class='ocrx_word' id='word_1_138' title='bbox 1011 2298 1062 2357; x_wconf 92' lang='lat' dir='ltr'>hic</span> <span class='ocrx_word' id='word_1_139' title='bbox 1089 2301 1248 2359; x_wconf 87' lang='lat' dir='ltr'>transitus</span> 
     </span>
     <span class='ocr_line' id='line_1_23' title="bbox 235 2378 1249 2456; baseline -0.003 -17"><span class='ocrx_word' id='word_1_140' title='bbox 235 2379 402 2456; x_wconf 88' lang='lat' dir='ltr'>perficitur</span> <span class='ocrx_word' id='word_1_141' title='bbox 414 2397 474 2456; x_wconf 88' lang='lat' dir='ltr'>per</span> <span class='ocrx_word' id='word_1_142' title='bbox 489 2380 646 2455; x_wconf 88' lang='lat' dir='ltr'>triplicem</span> <span class='ocrx_word' id='word_1_143' title='bbox 664 2384 865 2441; x_wconf 89' lang='lat' dir='ltr'>contractum</span> <span class='ocrx_word' id='word_1_144' title='bbox 885 2398 891 2437; x_wconf 76' lang='grc' dir='ltr'><em>ε</em></span> <span class='ocrx_word' id='word_1_145' title='bbox 919 2382 947 2439; x_wconf 92' lang='lat' dir='ltr'>lo</span> <span class='ocrx_word' id='word_1_146' title='bbox 962 2378 1079 2439; x_wconf 90' lang='lat' dir='ltr'>Civitas</span> <span class='ocrx_word' id='word_1_147' title='bbox 1094 2381 1249 2438; x_wconf 88' lang='lat' dir='ltr'>constitui</span> 
     </span>
     <span class='ocr_line' id='line_1_24' title="bbox 236 2458 1248 2537; baseline -0.002 -19"><span class='ocrx_word' id='word_1_148' title='bbox 236 2458 348 2529; x_wconf 87' lang='lat' dir='ltr'>debet,</span> <span class='ocrx_word' id='word_1_149' title='bbox 377 2459 467 2537; x_wconf 90' lang='lat' dir='ltr'>qued</span> <span class='ocrx_word' id='word_1_150' title='bbox 489 2460 656 2522; x_wconf 84' lang='lat' dir='ltr'>obtinetur</span> <span class='ocrx_word' id='word_1_151' title='bbox 680 2475 740 2535; x_wconf 91' lang='lat' dir='ltr'>per</span> <span class='ocrx_word' id='word_1_152' title='bbox 759 2470 895 2532; x_wconf 82' lang='lat' dir='ltr'>pactum</span> <span class='ocrx_word' id='word_1_153' title='bbox 910 2460 1048 2517; x_wconf 77' lang='lat' dir='ltr'>unionis.</span> <span class='ocrx_word' id='word_1_154' title='bbox 1075 2460 1107 2517; x_wconf 79' lang='lat'>2⁰</span> <span class='ocrx_word' id='word_1_155' title='bbox 1135 2461 1248 2518; x_wconf 87' lang='lat' dir='ltr'>Forma</span> 
     </span>
     <span class='ocr_line' id='line_1_25' title="bbox 236 2536 1248 2615; baseline -0.002 -16"><span class='ocrx_word' id='word_1_156' title='bbox 236 2542 402 2611; x_wconf 69' lang='lat' dir='ltr'>regiminis</span> <span class='ocrx_word' id='word_1_157' title='bbox 430 2544 546 2615; x_wconf 85' lang='lat' dir='ltr'>postea</span> <span class='ocrx_word' id='word_1_158' title='bbox 578 2538 823 2604; x_wconf 85' lang='lat' dir='ltr'>determinatur,</span> <span class='ocrx_word' id='word_1_159' title='bbox 858 2536 1087 2598; x_wconf 88' lang='lat' dir='ltr'>intercedente</span> <span class='ocrx_word' id='word_1_160' title='bbox 1120 2541 1248 2599; x_wconf 85' lang='lat' dir='ltr'>decreto</span> 
     </span>
     <span class='ocr_line' id='line_1_26' title="bbox 234 2617 1247 2696; baseline -0.001 -19"><span class='ocrx_word' id='word_1_161' title='bbox 234 2620 366 2691; x_wconf 82' lang='lat' dir='ltr'>forntae‚·</span> <span class='ocrx_word' id='word_1_162' title='bbox 396 2617 539 2696; x_wconf 88' lang='lat' dir='ltr'>denique</span> <span class='ocrx_word' id='word_1_163' title='bbox 555 2620 585 2678; x_wconf 86' lang='lat'>3⁰</span> <span class='ocrx_word' id='word_1_164' title='bbox 601 2620 709 2679; x_wconf 92' lang='lat' dir='ltr'>omnia</span> <span class='ocrx_word' id='word_1_165' title='bbox 729 2617 877 2678; x_wconf 89' lang='lat' dir='ltr'>membra</span> <span class='ocrx_word' id='word_1_166' title='bbox 893 2619 1027 2678; x_wconf 84' lang='lat' dir='ltr'>civitatis</span> <span class='ocrx_word' id='word_1_167' title='bbox 1042 2633 1078 2676; x_wconf 89' lang='lat' dir='ltr'>se</span> <span class='ocrx_word' id='word_1_168' title='bbox 1097 2618 1247 2695; x_wconf 26' lang='lat' dir='ltr'>,spoliare</span> 
     </span>
     <span class='ocr_line' id='line_1_27' title="bbox 235 2697 1246 2777; baseline -0.003 -18"><span class='ocrx_word' id='word_1_169' title='bbox 235 2698 359 2759; x_wconf 88' lang='lat' dir='ltr'>debent</span> <span class='ocrx_word' id='word_1_170' title='bbox 379 2707 482 2773; x_wconf 86' lang='lat' dir='ltr'>parte,</span> <span class='ocrx_word' id='word_1_171' title='bbox 501 2698 662 2777; x_wconf 79' lang='lat' dir='ltr'>autjuxta</span> <span class='ocrx_word' id='word_1_172' title='bbox 677 2699 866 2774; x_wconf 85' lang='lat' dir='ltr'>plerosque,</span> <span class='ocrx_word' id='word_1_173' title='bbox 884 2697 1040 2757; x_wconf 87' lang='lat' dir='ltr'>totalitate</span> <span class='ocrx_word' id='word_1_174' title='bbox 1063 2712 1133 2763; x_wconf 87' lang='lat' dir='ltr'>suae</span> <span class='ocrx_word' id='word_1_175' title='bbox 1150 2698 1246 2757; x_wconf 89' lang='lat' dir='ltr'>liber·</span> 
     </span>
     <span class='ocr_line' id='line_1_28' title="bbox 235 2777 1246 2855; baseline -0.003 -16"><span class='ocrx_word' id='word_1_176' title='bbox 235 2779 321 2847; x_wconf 86' lang='lat' dir='ltr'>tatis,</span> <span class='ocrx_word' id='word_1_177' title='bbox 337 2794 434 2855; x_wconf 91' lang='lat' dir='ltr'>quam</span> <span class='ocrx_word' id='word_1_178' title='bbox 451 2778 574 2838; x_wconf 89' lang='lat' dir='ltr'>cedunt</span> <span class='ocrx_word' id='word_1_179' title='bbox 589 2777 818 2845; x_wconf 88' lang='lat' dir='ltr'>communitati,</span> <span class='ocrx_word' id='word_1_180' title='bbox 840 2782 877 2836; x_wconf 94' lang='lat' dir='ltr'>ut</span> <span class='ocrx_word' id='word_1_181' title='bbox 891 2782 1039 2852; x_wconf 87' lang='lat' dir='ltr'>potestas</span> <span class='ocrx_word' id='word_1_182' title='bbox 1055 2777 1188 2852; x_wconf 91' lang='lat' dir='ltr'>publica</span> <span class='ocrx_word' id='word_1_183' title='bbox 1206 2777 1246 2836; x_wconf 92' lang='lat' dir='ltr'>de</span> 
     </span>
     <span class='ocr_line' id='line_1_29' title="bbox 233 2856 1248 2931; baseline -0.003 -14"><span class='ocrx_word' id='word_1_184' title='bbox 233 2858 319 2917; x_wconf 81' lang='lat' dir='ltr'>iacto</span> <span class='ocrx_word' id='word_1_185' title='bbox 337 2857 414 2917; x_wconf 87' lang='lat' dir='ltr'>inde</span> <span class='ocrx_word' id='word_1_186' title='bbox 440 2861 656 2918; x_wconf 87' lang='lat' dir='ltr'>constituatur</span> <span class='ocrx_word' id='word_1_187' title='bbox 680 2878 688 2929; x_wconf 91' lang='lat'>;</span> <span class='ocrx_word' id='word_1_188' title='bbox 717 2874 760 2917; x_wconf 89' lang='lat' dir='ltr'>en</span> <span class='ocrx_word' id='word_1_189' title='bbox 782 2862 914 2931; x_wconf 68' lang='lat' dir='ltr'>peretum</span> <span class='ocrx_word' id='word_1_190' title='bbox 935 2856 1151 2931; x_wconf 78' lang='lat' dir='ltr'>subjectionis.</span> <span class='ocrx_word' id='word_1_191' title='bbox 1176 2858 1248 2916; x_wconf 84' lang='lat' dir='ltr'>llcc</span> 
     </span>
     <span class='ocr_line' id='line_1_30' title="bbox 234 2933 1247 3015; baseline -0.001 -19"><span class='ocrx_word' id='word_1_192' title='bbox 234 2936 372 3015; x_wconf 89' lang='lat' dir='ltr'>proinde</span> <span class='ocrx_word' id='word_1_193' title='bbox 398 2940 571 2998; x_wconf 86' lang='lat' dir='ltr'>auctoritas</span> <span class='ocrx_word' id='word_1_194' title='bbox 586 2940 683 2997; x_wconf 89' lang='lat' dir='ltr'>unice</span> <span class='ocrx_word' id='word_1_195' title='bbox 706 2941 833 2997; x_wconf 88' lang='lat' dir='ltr'>constat</span> <span class='ocrx_word' id='word_1_196' title='bbox 847 2938 907 2995; x_wconf 90' lang='lat' dir='ltr'>hac</span> <span class='ocrx_word' id='word_1_197' title='bbox 933 2936 1110 2996; x_wconf 89' lang='lat' dir='ltr'>donatione</span> <span class='ocrx_word' id='word_1_198' title='bbox 1126 2933 1247 2996; x_wconf 81' lang='lat' dir='ltr'>factae</span> 
     </span>
     <span class='ocr_line' id='line_1_31' title="bbox 235 3015 1186 3093; baseline -0.003 -16"><span class='ocrx_word' id='word_1_199' title='bbox 235 3016 442 3078; x_wconf 88' lang='lat' dir='ltr'>multitudine</span> <span class='ocrx_word' id='word_1_200' title='bbox 460 3018 628 3089; x_wconf 88' lang='lat' dir='ltr'>associata,</span> <span class='ocrx_word' id='word_1_201' title='bbox 646 3034 706 3076; x_wconf 91' lang='lat' dir='ltr'>seu</span> <span class='ocrx_word' id='word_1_202' title='bbox 721 3034 739 3076; x_wconf 92' lang='lat' dir='ltr'>a</span> <span class='ocrx_word' id='word_1_203' title='bbox 753 3015 892 3093; x_wconf 80' lang='lat' dir='ltr'>singulis</span> <span class='ocrx_word' id='word_1_204' title='bbox 908 3015 949 3076; x_wconf 90' lang='lat' dir='ltr'>de</span> <span class='ocrx_word' id='word_1_205' title='bbox 967 3015 1186 3076; x_wconf 90' lang='lat' dir='ltr'>multitudine.</span> 
     </span>
    </p>

    <p class='ocr_par' dir='ltr' id='par_1_8' title="bbox 234 3094 1311 3493">
     <span class='ocr_line' id='line_1_32' title="bbox 274 3094 1248 3174; baseline -0.004 -17"><span class='ocrx_word' id='word_1_206' title='bbox 274 3098 333 3157; x_wconf 85' lang='lat' dir='ltr'>Alii</span> <span class='ocrx_word' id='word_1_207' title='bbox 348 3101 499 3157; x_wconf 90' lang='lat' dir='ltr'>auctores</span> <span class='ocrx_word' id='word_1_208' title='bbox 515 3102 642 3174; x_wconf 81' lang='lat' dir='ltr'>paetum</span> <span class='ocrx_word' id='word_1_209' title='bbox 658 3094 767 3157; x_wconf 83' lang='lat' dir='ltr'>iormae</span> <span class='ocrx_word' id='word_1_210' title='bbox 785 3096 954 3172; x_wconf 85' lang='lat' dir='ltr'>rejiciunt,</span> <span class='ocrx_word' id='word_1_211' title='bbox 973 3095 1063 3172; x_wconf 89' lang='lat' dir='ltr'>quod</span> <span class='ocrx_word' id='word_1_212' title='bbox 1091 3100 1124 3153; x_wconf 91' lang='lat' dir='ltr'>in</span> <span class='ocrx_word' id='word_1_213' title='bbox 1150 3102 1248 3171; x_wconf 89' lang='lat' dir='ltr'>pacto</span> 
     </span>
     <span class='ocr_line' id='line_1_33' title="bbox 234 3175 1251 3256; baseline -0.004 -20"><span class='ocrx_word' id='word_1_214' title='bbox 234 3175 450 3256; x_wconf 84' lang='lat' dir='ltr'>subjectionis</span> <span class='ocrx_word' id='word_1_215' title='bbox 464 3176 656 3241; x_wconf 88' lang='lat' dir='ltr'>includitur;</span> <span class='ocrx_word' id='word_1_216' title='bbox 671 3176 734 3235; x_wconf 89' lang='lat' dir='ltr'>imo</span> <span class='ocrx_word' id='word_1_217' title='bbox 751 3176 933 3253; x_wconf 88' lang='lat' dir='ltr'>Hobbesius</span> <span class='ocrx_word' id='word_1_218' title='bbox 947 3178 1082 3236; x_wconf 89' lang='lat' dir='ltr'>unicum</span> <span class='ocrx_word' id='word_1_219' title='bbox 1097 3177 1251 3251; x_wconf 80' lang='lat' dir='ltr'>agnoscit</span> 
     </span>
     <span class='ocr_line' id='line_1_34' title="bbox 236 3256 1248 3333; baseline -0.003 -15"><span class='ocrx_word' id='word_1_220' title='bbox 236 3261 436 3318; x_wconf 90' lang='lat' dir='ltr'>contractum</span> <span class='ocrx_word' id='word_1_221' title='bbox 452 3258 617 3327; x_wconf 89' lang='lat' dir='ltr'>socialem,</span> <span class='ocrx_word' id='word_1_222' title='bbox 635 3256 691 3333; x_wconf 85' lang='lat' dir='ltr'>qui</span> <span class='ocrx_word' id='word_1_223' title='bbox 707 3260 757 3315; x_wconf 90' lang='lat' dir='ltr'>est</span> <span class='ocrx_word' id='word_1_224' title='bbox 767 3261 897 3330; x_wconf 80' lang='lat' dir='ltr'>pactum</span> <span class='ocrx_word' id='word_1_225' title='bbox 910 3257 1158 3315; x_wconf 78' lang='lat' dir='ltr'>renuntiationis</span> <span class='ocrx_word' id='word_1_226' title='bbox 1172 3271 1248 3331; x_wconf 88' lang='lat' dir='ltr'>pro-</span> 
     </span>
     <span class='ocr_line' id='line_1_35' title="bbox 234 3333 1311 3415; baseline -0.004 -18"><span class='ocrx_word' id='word_1_227' title='bbox 234 3340 310 3415; x_wconf 82' lang='lat' dir='ltr'>prta</span> <span class='ocrx_word' id='word_1_228' title='bbox 325 3337 484 3397; x_wconf 87' lang='lat' dir='ltr'>voluntati</span> <span class='ocrx_word' id='word_1_229' title='bbox 499 3337 532 3395; x_wconf 92' lang='lat' dir='ltr'>in</span> <span class='ocrx_word' id='word_1_230' title='bbox 552 3335 758 3396; x_wconf 89' lang='lat' dir='ltr'>commodum</span> <span class='ocrx_word' id='word_1_231' title='bbox 778 3334 956 3396; x_wconf 88' lang='lat' dir='ltr'>voluntatis</span> <span class='ocrx_word' id='word_1_232' title='bbox 982 3333 1160 3411; x_wconf 81' lang='lat' dir='ltr'>generalis,</span> <span class='ocrx_word' id='word_1_233' title='bbox 1189 3351 1249 3395; x_wconf 89' lang='lat' dir='ltr'>seu</span> <span class='ocrx_word' id='word_1_234' title='bbox 1309 3383 1311 3386; x_wconf 95' lang='lat'>.</span> 
     </span>
     <span class='ocr_line' id='line_1_36' title="bbox 236 3415 570 3493; baseline -0.006 -16"><span class='ocrx_word' id='word_1_235' title='bbox 236 3417 408 3493; x_wconf 87' lang='lat' dir='ltr'>potcstatis</span> <span class='ocrx_word' id='word_1_236' title='bbox 423 3415 570 3491; x_wconf 89' lang='lat' dir='ltr'>publicae.</span> 
     </span>
    </p>

    <p class='ocr_par' dir='ltr' id='par_1_9' title="bbox 235 3492 1251 3731">
     <span class='ocr_line' id='line_1_37' title="bbox 272 3492 1249 3569; baseline -0.006 -13"><span class='ocrx_word' id='word_1_237' title='bbox 272 3498 344 3557; x_wconf 85' lang='grc'><strong>254.</strong></span> <span class='ocrx_word' id='word_1_238' title='bbox 362 3530 400 3538; x_wconf 85' lang='grc'>-</span> <span class='ocrx_word' id='word_1_239' title='bbox 416 3497 512 3556; x_wconf 85' lang='lat' dir='ltr'>Pacta</span> <span class='ocrx_word' id='word_1_240' title='bbox 530 3492 653 3564; x_wconf 89' lang='lat' dir='ltr'>sociali,</span> <span class='ocrx_word' id='word_1_241' title='bbox 669 3495 768 3553; x_wconf 91' lang='lat' dir='ltr'>unico</span> <span class='ocrx_word' id='word_1_242' title='bbox 783 3496 840 3553; x_wconf 91' lang='lat' dir='ltr'>aut</span> <span class='ocrx_word' id='word_1_243' title='bbox 861 3493 989 3569; x_wconf 88' lang='lat' dir='ltr'>triplici,</span> <span class='ocrx_word' id='word_1_244' title='bbox 1007 3493 1111 3552; x_wconf 90' lang='lat' dir='ltr'>semel</span> <span class='ocrx_word' id='word_1_245' title='bbox 1133 3508 1249 3567; x_wconf 91' lang='lat' dir='ltr'>perac-</span> 
     </span>
     <span class='ocr_line' id='line_1_38' title="bbox 236 3573 1249 3651; baseline -0.004 -16"><span class='ocrx_word' id='word_1_246' title='bbox 236 3580 280 3647; x_wconf 90' lang='lat' dir='ltr'>to,</span> <span class='ocrx_word' id='word_1_247' title='bbox 293 3576 364 3636; x_wconf 88' lang='lat' dir='ltr'>loco</span> <span class='ocrx_word' id='word_1_248' title='bbox 380 3591 528 3651; x_wconf 88' lang='lat' dir='ltr'>personae</span> <span class='ocrx_word' id='word_1_249' title='bbox 544 3579 706 3651; x_wconf 77' lang='lat' dir='ltr'>cuiusque</span> <span class='ocrx_word' id='word_1_250' title='bbox 722 3573 956 3642; x_wconf 88' lang='lat' dir='ltr'>contrahentis,</span> <span class='ocrx_word' id='word_1_251' title='bbox 970 3574 1115 3651; x_wconf 76' lang='lat' dir='ltr'>exsurgit</span> <span class='ocrx_word' id='word_1_252' title='bbox 1128 3587 1249 3647; x_wconf 89' lang='lat' dir='ltr'>corpus</span> 
     </span>
     <span class='ocr_line' id='line_1_39' title="bbox 235 3652 1251 3731; baseline -0.004 -16"><span class='ocrx_word' id='word_1_253' title='bbox 235 3655 357 3717; x_wconf 89' lang='lat' dir='ltr'>morale</span> <span class='ocrx_word' id='word_1_254' title='bbox 374 3660 407 3717; x_wconf 90' lang='lat' dir='ltr'>et</span> <span class='ocrx_word' id='word_1_255' title='bbox 422 3655 630 3715; x_wconf 90' lang='lat' dir='ltr'>collectivum</span> <span class='ocrx_word' id='word_1_256' title='bbox 646 3657 693 3713; x_wconf 86' lang='lat' dir='ltr'>tot</span> <span class='ocrx_word' id='word_1_257' title='bbox 717 3656 872 3714; x_wconf 88' lang='lat' dir='ltr'>constans</span> <span class='ocrx_word' id='word_1_258' title='bbox 885 3652 1055 3720; x_wconf 89' lang='lat' dir='ltr'>membris,</span> <span class='ocrx_word' id='word_1_259' title='bbox 1072 3653 1152 3731; x_wconf 83' lang='lat' dir='ltr'>quot</span> <span class='ocrx_word' id='word_1_260' title='bbox 1173 3657 1251 3712; x_wconf 89' lang='lat' dir='ltr'>sunt</span> 
     </span>
    </p>
   </div>
   <div class='ocr_carea' id='block_1_7' title="bbox 0 0 1326 4250">
    <p class='ocr_par' dir='ltr' id='par_1_10' title="bbox 0 0 1326 4250">
     <span class='ocr_line' id='line_1_40' title="bbox 0 0 1326 4250; baseline 0 0"><span class='ocrx_word' id='word_1_261' title='bbox 0 0 1326 4250; x_wconf 95' lang='lat' dir='ltr'> </span> 
     </span>
    </p>
   </div>
  </div>
 </body>
</html>
