<?xml version="1.0" encoding="UTF-8"?>
<!DOCTYPE html PUBLIC "-//W3C//DTD XHTML 1.0 Transitional//EN"
    "http://www.w3.org/TR/xhtml1/DTD/xhtml1-transitional.dtd">
<html xmlns="http://www.w3.org/1999/xhtml" xml:lang="en" lang="en">
 <head>
  <title>
</title>
<meta http-equiv="Content-Type" content="text/html;charset=utf-8" />
  <meta name='ocr-system' content='tesseract 3.04.00' />
  <meta name='ocr-capabilities' content='ocr_page ocr_carea ocr_par ocr_line ocrx_word'/>
</head>
<body>
  <div class='ocr_page' id='page_1' title='image "./brevariumphilos00grangoog_0178.png"; bbox 0 0 2642 4250; ppageno 0'>
   <div class='ocr_carea' id='block_1_1' title="bbox 112 3610 164 3705">
    <p class='ocr_par' dir='ltr' id='par_1_1' title="bbox 112 3608 164 3709">
     <span class='ocr_line' id='line_1_1' title="bbox 112 3610 162 3641; baseline 0 -2"><span class='ocrx_word' id='word_1_1' title='bbox 112 3618 137 3641; x_wconf 64' lang='grc' dir='ltr'>,ὴ</span> <span class='ocrx_word' id='word_1_2' title='bbox 160 3610 162 3615; x_wconf 92' lang='grc'><strong>“</strong></span> 
     </span>
     <span class='ocr_line' id='line_1_2' title="bbox 119 3652 164 3705; baseline 0.044 -26"><span class='ocrx_word' id='word_1_3' title='bbox 119 3662 128 3679; x_wconf 70' lang='lat' dir='ltr'>a</span> <span class='ocrx_word' id='word_1_4' title='bbox 133 3652 164 3705; x_wconf 40' lang='lat' dir='ltr'>fit</span> 
     </span>
    </p>
   </div>
   <div class='ocr_carea' id='block_1_2' title="bbox 230 253 939 316">
    <p class='ocr_par' dir='ltr' id='par_1_2' title="bbox 230 253 939 316">
     <span class='ocr_line' id='line_1_3' title="bbox 230 253 939 316; baseline 0.003 -3"><span class='ocrx_word' id='word_1_5' title='bbox 230 253 288 314; x_wconf 83' lang='grc'>166</span> <span class='ocrx_word' id='word_1_6' title='bbox 532 273 714 316; x_wconf 74' lang='lat' dir='ltr'>euertuntur</span> <span class='ocrx_word' id='word_1_7' title='bbox 735 271 939 316; x_wconf 76' lang='lat' dir='ltr'>ruinosornne</span> 
     </span>
    </p>
   </div>
   <div class='ocr_carea' id='block_1_3' title="bbox 226 383 1235 1020">
    <p class='ocr_par' dir='ltr' id='par_1_3' title="bbox 226 383 1235 1020">
     <span class='ocr_line' id='line_1_4' title="bbox 227 383 1231 464; baseline 0 -20"><span class='ocrx_word' id='word_1_8' title='bbox 227 386 315 456; x_wconf 60' lang='lat' dir='ltr'>tulis,</span> <span class='ocrx_word' id='word_1_9' title='bbox 339 387 409 461; x_wconf 91' lang='lat' dir='ltr'>ipsa</span> <span class='ocrx_word' id='word_1_10' title='bbox 430 386 571 445; x_wconf 89' lang='lat' dir='ltr'>societas</span> <span class='ocrx_word' id='word_1_11' title='bbox 591 385 746 464; x_wconf 88' lang='lat' dir='ltr'>religiosa</span> <span class='ocrx_word' id='word_1_12' title='bbox 772 384 834 444; x_wconf 90' lang='lat' dir='ltr'>erit</span> <span class='ocrx_word' id='word_1_13' title='bbox 855 383 1129 459; x_wconf 83' lang='lat' dir='ltr'>supernaturalis</span> <span class='ocrx_word' id='word_1_14' title='bbox 1153 386 1231 462; x_wconf 86' lang='lat' dir='ltr'>Sup-</span> 
     </span>
     <span class='ocr_line' id='line_1_5' title="bbox 229 463 1233 543; baseline 0 -18"><span class='ocrx_word' id='word_1_15' title='bbox 229 467 380 542; x_wconf 90' lang='lat' dir='ltr'>ponimus</span> <span class='ocrx_word' id='word_1_16' title='bbox 400 463 452 526; x_wconf 92' lang='lat' dir='ltr'>hic</span> <span class='ocrx_word' id='word_1_17' title='bbox 474 481 516 524; x_wconf 85' lang='lat' dir='ltr'>ex</span> <span class='ocrx_word' id='word_1_18' title='bbox 538 464 703 543; x_wconf 79' lang='lat' dir='ltr'>theologia</span> <span class='ocrx_word' id='word_1_19' title='bbox 718 473 871 524; x_wconf 90' lang='lat' dir='ltr'>constare</span> <span class='ocrx_word' id='word_1_20' title='bbox 886 464 1083 542; x_wconf 83' lang='lat' dir='ltr'>religionem</span> <span class='ocrx_word' id='word_1_21' title='bbox 1099 463 1233 525; x_wconf 87' lang='lat' dir='ltr'>christia-</span> 
     </span>
     <span class='ocr_line' id='line_1_6' title="bbox 228 541 1233 605; baseline 0 -1"><span class='ocrx_word' id='word_1_22' title='bbox 228 561 306 604; x_wconf 85' lang='lat' dir='ltr'>nam</span> <span class='ocrx_word' id='word_1_23' title='bbox 336 559 410 603; x_wconf 89' lang='lat' dir='ltr'>esse</span> <span class='ocrx_word' id='word_1_24' title='bbox 442 543 594 605; x_wconf 88' lang='lat' dir='ltr'>divinitus</span> <span class='ocrx_word' id='word_1_25' title='bbox 613 545 793 604; x_wconf 86' lang='lat' dir='ltr'>revelatam</span> <span class='ocrx_word' id='word_1_26' title='bbox 809 548 848 604; x_wconf 91' lang='lat' dir='ltr'>et</span> <span class='ocrx_word' id='word_1_27' title='bbox 868 545 1002 604; x_wconf 93' lang='lat' dir='ltr'>unicum</span> <span class='ocrx_word' id='word_1_28' title='bbox 1025 541 1168 602; x_wconf 89' lang='lat' dir='ltr'>medium</span> <span class='ocrx_word' id='word_1_29' title='bbox 1186 561 1233 604; x_wconf 89' lang='lat' dir='ltr'>sa-</span> 
     </span>
     <span class='ocr_line' id='line_1_7' title="bbox 229 622 1235 702; baseline 0.001 -19"><span class='ocrx_word' id='word_1_30' title='bbox 229 625 318 696; x_wconf 88' lang='grc'><strong>111113,</strong></span> <span class='ocrx_word' id='word_1_31' title='bbox 341 629 374 683; x_wconf 93' lang='grc'>31</span> <span class='ocrx_word' id='word_1_32' title='bbox 395 623 567 698; x_wconf 74' lang='lat' dir='ltr'>Christum,</span> <span class='ocrx_word' id='word_1_33' title='bbox 590 622 694 684; x_wconf 89' lang='lat' dir='ltr'>filium</span> <span class='ocrx_word' id='word_1_34' title='bbox 724 623 784 686; x_wconf 89' lang='lat' dir='ltr'>Dei</span> <span class='ocrx_word' id='word_1_35' title='bbox 810 625 1032 702; x_wconf 90' lang='lat' dir='ltr'>unigenitum,</span> <span class='ocrx_word' id='word_1_36' title='bbox 1066 638 1157 682; x_wconf 91' lang='lat' dir='ltr'>suam</span> <span class='ocrx_word' id='word_1_37' title='bbox 1180 625 1235 684; x_wconf 92' lang='lat' dir='ltr'>Ec-</span> 
     </span>
     <span class='ocr_line' id='line_1_8' title="bbox 228 700 1233 779; baseline 0 -16"><span class='ocrx_word' id='word_1_38' title='bbox 228 703 360 764; x_wconf 87' lang='lat' dir='ltr'>clesiam</span> <span class='ocrx_word' id='word_1_39' title='bbox 376 702 556 763; x_wconf 81' lang='lat' dir='ltr'>ordinasse.</span> <span class='ocrx_word' id='word_1_40' title='bbox 579 705 626 763; x_wconf 81' lang='lat' dir='ltr'>Ex</span> <span class='ocrx_word' id='word_1_41' title='bbox 640 705 703 762; x_wconf 89' lang='lat' dir='ltr'>hoc</span> <span class='ocrx_word' id='word_1_42' title='bbox 716 701 804 762; x_wconf 82' lang='lat' dir='ltr'>facto</span> <span class='ocrx_word' id='word_1_43' title='bbox 828 702 1019 763; x_wconf 84' lang='lat' dir='ltr'>exordimur</span> <span class='ocrx_word' id='word_1_44' title='bbox 1034 700 1078 761; x_wconf 91' lang='lat' dir='ltr'>ad</span> <span class='ocrx_word' id='word_1_45' title='bbox 1100 717 1233 779; x_wconf 90' lang='lat' dir='ltr'>concep-</span> 
     </span>
     <span class='ocr_line' id='line_1_9' title="bbox 229 781 1234 860; baseline -0.001 -16"><span class='ocrx_word' id='word_1_46' title='bbox 229 787 297 844; x_wconf 91' lang='lat' dir='ltr'>tum</span> <span class='ocrx_word' id='word_1_47' title='bbox 319 783 483 844; x_wconf 89' lang='lat' dir='ltr'>societatis</span> <span class='ocrx_word' id='word_1_48' title='bbox 498 783 657 860; x_wconf 82' lang='lat' dir='ltr'>religiose</span> <span class='ocrx_word' id='word_1_49' title='bbox 672 783 897 859; x_wconf 86' lang='lat' dir='ltr'>philosophice</span> <span class='ocrx_word' id='word_1_50' title='bbox 914 781 1142 844; x_wconf 83' lang='lat' dir='ltr'>evolvendum.</span> <span class='ocrx_word' id='word_1_51' title='bbox 1158 782 1234 843; x_wconf 87' lang='lat' dir='ltr'>Con-</span> 
     </span>
     <span class='ocr_line' id='line_1_10' title="bbox 226 862 1233 940; baseline -0.001 -17"><span class='ocrx_word' id='word_1_52' title='bbox 226 862 446 924; x_wconf 90' lang='lat' dir='ltr'>siderabimus</span> <span class='ocrx_word' id='word_1_53' title='bbox 467 863 501 921; x_wconf 94' lang='lat' dir='ltr'>in</span> <span class='ocrx_word' id='word_1_54' title='bbox 521 862 672 938; x_wconf 74' lang='lat' dir='ltr'>presenti</span> <span class='ocrx_word' id='word_1_55' title='bbox 697 863 903 940; x_wconf 84' lang='lat' dir='ltr'>paragrapho</span> <span class='ocrx_word' id='word_1_56' title='bbox 926 863 1107 923; x_wconf 86' lang='lat' dir='ltr'>essentiam</span> <span class='ocrx_word' id='word_1_57' title='bbox 1126 863 1233 922; x_wconf 89' lang='lat' dir='ltr'>Eccle-</span> 
     </span>
     <span class='ocr_line' id='line_1_11' title="bbox 226 941 897 1020; baseline -0.001 -18"><span class='ocrx_word' id='word_1_58' title='bbox 226 943 279 1002; x_wconf 77' lang='grc'><strong>3131</strong></span> <span class='ocrx_word' id='word_1_59' title='bbox 301 946 335 1001; x_wconf 88' lang='grc'>31</span> <span class='ocrx_word' id='word_1_60' title='bbox 357 941 521 1002; x_wconf 89' lang='lat' dir='ltr'>elementa</span> <span class='ocrx_word' id='word_1_61' title='bbox 544 943 663 1020; x_wconf 90' lang='lat' dir='ltr'>quibus</span> <span class='ocrx_word' id='word_1_62' title='bbox 679 941 897 1004; x_wconf 82' lang='lat' dir='ltr'>constituitur.</span> 
     </span>
    </p>
   </div>
   <div class='ocr_carea' id='block_1_4' title="bbox 224 1046 1236 1206">
    <p class='ocr_par' dir='ltr' id='par_1_4' title="bbox 224 1046 1236 1206">
     <span class='ocr_line' id='line_1_12' title="bbox 224 1046 1236 1141; baseline -0.004 -13"><span class='ocrx_word' id='word_1_63' title='bbox 224 1066 296 1128; x_wconf 71' lang='lat'>292.</span> <span class='ocrx_word' id='word_1_64' title='bbox 324 1099 362 1108; x_wconf 89' lang='lat'>-—</span> <span class='ocrx_word' id='word_1_65' title='bbox 390 1066 496 1126; x_wconf 79' lang='lat' dir='ltr'>Tarsis</span> <span class='ocrx_word' id='word_1_66' title='bbox 536 1067 557 1124; x_wconf 93' lang='lat' dir='ltr'>l.</span> <span class='ocrx_word' id='word_1_67' title='bbox 589 1069 734 1127; x_wconf 79' lang='lat' dir='ltr'>Societas</span> <span class='ocrx_word' id='word_1_68' title='bbox 758 1065 914 1141; x_wconf 69' lang='lat' dir='ltr'>religiosa</span> <span class='ocrx_word' id='word_1_69' title='bbox 943 1046 988 1127; x_wconf 83' lang='lat' dir='ltr'>cst</span> <span class='ocrx_word' id='word_1_70' title='bbox 1020 1065 1143 1124; x_wconf 81' lang='lat' dir='ltr'>homini</span> <span class='ocrx_word' id='word_1_71' title='bbox 1167 1081 1236 1139; x_wconf 81' lang='lat' dir='ltr'>prae</span> 
     </span>
     <span class='ocr_line' id='line_1_13' title="bbox 265 1144 567 1206; baseline -0.007 0"><span class='ocrx_word' id='word_1_72' title='bbox 265 1144 355 1206; x_wconf 78' lang='lat' dir='ltr'>ciuili</span> <span class='ocrx_word' id='word_1_73' title='bbox 372 1147 567 1205; x_wconf 79' lang='lat' dir='ltr'>accessoria.</span> 
     </span>
    </p>
   </div>
   <div class='ocr_carea' id='block_1_5' title="bbox 223 1256 1296 1736">
    <p class='ocr_par' dir='ltr' id='par_1_5' title="bbox 223 1256 1296 1736">
     <span class='ocr_line' id='line_1_14' title="bbox 265 1256 1235 1334; baseline -0.001 -16"><span class='ocrx_word' id='word_1_74' title='bbox 265 1258 436 1318; x_wconf 82' lang='lat' dir='ltr'>Probatur.</span> <span class='ocrx_word' id='word_1_75' title='bbox 462 1260 491 1319; x_wconf 89' lang='lat' dir='ltr'>l⁰</span> <span class='ocrx_word' id='word_1_76' title='bbox 513 1259 557 1317; x_wconf 86' lang='lat' dir='ltr'>Ex</span> <span class='ocrx_word' id='word_1_77' title='bbox 578 1258 730 1334; x_wconf 88' lang='lat' dir='ltr'>superius</span> <span class='ocrx_word' id='word_1_78' title='bbox 752 1256 847 1317; x_wconf 86' lang='lat' dir='ltr'>dictis</span> <span class='ocrx_word' id='word_1_79' title='bbox 868 1257 911 1317; x_wconf 94' lang='lat' dir='ltr'>de</span> <span class='ocrx_word' id='word_1_80' title='bbox 926 1256 1127 1316; x_wconf 84' lang='lat' dir='ltr'>necessitate</span> <span class='ocrx_word' id='word_1_81' title='bbox 1146 1273 1235 1317; x_wconf 86' lang='lat' dir='ltr'>reve-</span> 
     </span>
     <span class='ocr_line' id='line_1_15' title="bbox 223 1336 1236 1415; baseline -0.003 -15"><span class='ocrx_word' id='word_1_82' title='bbox 223 1338 361 1408; x_wconf 91' lang='lat' dir='ltr'>lationis,</span> <span class='ocrx_word' id='word_1_83' title='bbox 384 1338 482 1398; x_wconf 92' lang='lat' dir='ltr'>etiam</span> <span class='ocrx_word' id='word_1_84' title='bbox 497 1337 606 1414; x_wconf 91' lang='lat' dir='ltr'>quoad</span> <span class='ocrx_word' id='word_1_85' title='bbox 621 1353 661 1398; x_wconf 92' lang='lat' dir='ltr'>ea</span> <span class='ocrx_word' id='word_1_86' title='bbox 676 1352 751 1415; x_wconf 83' lang='lat' dir='ltr'>quae</span> <span class='ocrx_word' id='word_1_87' title='bbox 766 1343 918 1412; x_wconf 90' lang='lat' dir='ltr'>spectant</span> <span class='ocrx_word' id='word_1_88' title='bbox 933 1336 975 1395; x_wconf 89' lang='lat' dir='ltr'>ad</span> <span class='ocrx_word' id='word_1_89' title='bbox 987 1336 1070 1414; x_wconf 86' lang='lat' dir='ltr'>legis</span> <span class='ocrx_word' id='word_1_90' title='bbox 1082 1339 1236 1398; x_wconf 81' lang='lat' dir='ltr'>naturalis</span> 
     </span>
     <span class='ocr_line' id='line_1_16' title="bbox 225 1416 1296 1495; baseline -0.004 -15"><span class='ocrx_word' id='word_1_91' title='bbox 225 1417 458 1495; x_wconf 88' lang='lat' dir='ltr'>cognitionem.</span> <span class='ocrx_word' id='word_1_92' title='bbox 480 1417 585 1494; x_wconf 89' lang='lat' dir='ltr'>liquet</span> <span class='ocrx_word' id='word_1_93' title='bbox 608 1433 726 1478; x_wconf 90' lang='lat' dir='ltr'>omnes</span> <span class='ocrx_word' id='word_1_94' title='bbox 748 1417 899 1477; x_wconf 90' lang='lat' dir='ltr'>homines</span> <span class='ocrx_word' id='word_1_95' title='bbox 922 1417 1008 1478; x_wconf 91' lang='lat' dir='ltr'>illius</span> <span class='ocrx_word' id='word_1_96' title='bbox 1029 1416 1236 1478; x_wconf 87' lang='lat' dir='ltr'>revelationis</span> <span class='ocrx_word' id='word_1_97' title='bbox 1295 1490 1296 1493; x_wconf 8' lang='grc' dir='ltr'><strong>Ἴ</strong></span> 
     </span>
     <span class='ocr_line' id='line_1_17' title="bbox 223 1496 1234 1576; baseline -0.004 -16"><span class='ocrx_word' id='word_1_98' title='bbox 223 1497 349 1568; x_wconf 87' lang='lat' dir='ltr'>notitia,</span> <span class='ocrx_word' id='word_1_99' title='bbox 365 1497 501 1576; x_wconf 87' lang='lat' dir='ltr'>physice</span> <span class='ocrx_word' id='word_1_100' title='bbox 515 1497 567 1556; x_wconf 90' lang='lat' dir='ltr'>vel</span> <span class='ocrx_word' id='word_1_101' title='bbox 588 1497 756 1556; x_wconf 89' lang='lat' dir='ltr'>moraliter</span> <span class='ocrx_word' id='word_1_102' title='bbox 776 1496 942 1574; x_wconf 87' lang='lat' dir='ltr'>indigere;</span> <span class='ocrx_word' id='word_1_103' title='bbox 959 1512 1057 1572; x_wconf 88' lang='lat' dir='ltr'>porro</span> <span class='ocrx_word' id='word_1_104' title='bbox 1082 1499 1234 1558; x_wconf 86' lang='lat' dir='ltr'>revelatio</span> 
     </span>
     <span class='ocr_line' id='line_1_18' title="bbox 224 1575 1233 1652; baseline -0.006 -12"><span class='ocrx_word' id='word_1_105' title='bbox 224 1577 411 1640; x_wconf 91' lang='lat' dir='ltr'>hominihus</span> <span class='ocrx_word' id='word_1_106' title='bbox 427 1593 493 1638; x_wconf 92' lang='lat' dir='ltr'>non</span> <span class='ocrx_word' id='word_1_107' title='bbox 515 1579 775 1637; x_wconf 88' lang='lat' dir='ltr'>communicatur</span> <span class='ocrx_word' id='word_1_108' title='bbox 788 1577 850 1635; x_wconf 89' lang='lat' dir='ltr'>nisi</span> <span class='ocrx_word' id='word_1_109' title='bbox 865 1593 926 1652; x_wconf 91' lang='lat' dir='ltr'>per</span> <span class='ocrx_word' id='word_1_110' title='bbox 949 1576 1138 1636; x_wconf 88' lang='lat' dir='ltr'>societatem</span> <span class='ocrx_word' id='word_1_111' title='bbox 1157 1575 1233 1636; x_wconf 89' lang='lat' dir='ltr'>reli-</span> 
     </span>
     <span class='ocr_line' id='line_1_19' title="bbox 223 1653 1235 1736; baseline -0.002 -19"><span class='ocrx_word' id='word_1_112' title='bbox 223 1659 362 1736; x_wconf 82' lang='lat' dir='ltr'>giosam,</span> <span class='ocrx_word' id='word_1_113' title='bbox 393 1673 463 1733; x_wconf 85' lang='lat' dir='ltr'>que</span> <span class='ocrx_word' id='word_1_114' title='bbox 485 1653 627 1717; x_wconf 86' lang='lat' dir='ltr'>officium</span> <span class='ocrx_word' id='word_1_115' title='bbox 648 1657 750 1716; x_wconf 85' lang='lat' dir='ltr'>hahet</span> <span class='ocrx_word' id='word_1_116' title='bbox 779 1655 923 1716; x_wconf 87' lang='lat' dir='ltr'>ducendi</span> <span class='ocrx_word' id='word_1_117' title='bbox 947 1671 1064 1715; x_wconf 87' lang='lat' dir='ltr'>omnes</span> <span class='ocrx_word' id='word_1_118' title='bbox 1086 1657 1235 1716; x_wconf 90' lang='lat' dir='ltr'>homines</span> 
     </span>
    </p>
   </div>
   <div class='ocr_carea' id='block_1_6' title="bbox 214 1734 1234 2770">
    <p class='ocr_par' dir='ltr' id='par_1_6' title="bbox 219 1734 1234 1891">
     <span class='ocr_line' id='line_1_20' title="bbox 221 1734 1234 1813; baseline -0.003 -16"><span class='ocrx_word' id='word_1_119' title='bbox 221 1734 424 1798; x_wconf 83' lang='lat' dir='ltr'>adsalutem</span> <span class='ocrx_word' id='word_1_120' title='bbox 445 1739 609 1795; x_wconf 88' lang='lat' dir='ltr'>aeternam.</span> <span class='ocrx_word' id='word_1_121' title='bbox 637 1737 722 1813; x_wconf 86' lang='lat' dir='ltr'>Ergo</span> <span class='ocrx_word' id='word_1_122' title='bbox 755 1735 824 1794; x_wconf 84' lang='lat' dir='ltr'>haec</span> <span class='ocrx_word' id='word_1_123' title='bbox 852 1737 995 1797; x_wconf 90' lang='lat' dir='ltr'>societas</span> <span class='ocrx_word' id='word_1_124' title='bbox 1031 1742 1081 1795; x_wconf 88' lang='lat' dir='ltr'>est</span> <span class='ocrx_word' id='word_1_125' title='bbox 1113 1735 1234 1795; x_wconf 92' lang='lat' dir='ltr'>homini</span> 
     </span>
     <span class='ocr_line' id='line_1_21' title="bbox 219 1814 816 1891; baseline -0.008 -13"><span class='ocrx_word' id='word_1_126' title='bbox 219 1814 417 1889; x_wconf 89' lang='lat' dir='ltr'>necessaria,</span> <span class='ocrx_word' id='word_1_127' title='bbox 436 1819 469 1874; x_wconf 89' lang='lat' dir='ltr'>et</span> <span class='ocrx_word' id='word_1_128' title='bbox 490 1814 624 1891; x_wconf 85' lang='lat' dir='ltr'>quidem</span> <span class='ocrx_word' id='word_1_129' title='bbox 639 1832 704 1890; x_wconf 82' lang='lat' dir='ltr'>pre</span> <span class='ocrx_word' id='word_1_130' title='bbox 722 1814 816 1875; x_wconf 88' lang='lat' dir='ltr'>civili.</span> 
     </span>
    </p>

    <p class='ocr_par' dir='ltr' id='par_1_7' title="bbox 217 1892 1234 2292">
     <span class='ocr_line' id='line_1_22' title="bbox 256 1892 1230 1973; baseline -0.006 -17"><span class='ocrx_word' id='word_1_131' title='bbox 256 1898 289 1956; x_wconf 75' lang='lat'>2⁰</span> <span class='ocrx_word' id='word_1_132' title='bbox 304 1897 404 1956; x_wconf 92' lang='lat' dir='ltr'>Homo</span> <span class='ocrx_word' id='word_1_133' title='bbox 422 1911 461 1955; x_wconf 93' lang='lat' dir='ltr'>eo</span> <span class='ocrx_word' id='word_1_134' title='bbox 476 1897 581 1973; x_wconf 90' lang='lat' dir='ltr'>magis</span> <span class='ocrx_word' id='word_1_135' title='bbox 596 1892 725 1971; x_wconf 88' lang='lat' dir='ltr'>indiget</span> <span class='ocrx_word' id='word_1_136' title='bbox 739 1894 858 1954; x_wconf 86' lang='lat' dir='ltr'>auxilio</span> <span class='ocrx_word' id='word_1_137' title='bbox 875 1894 1015 1954; x_wconf 90' lang='lat' dir='ltr'>aliorum</span> <span class='ocrx_word' id='word_1_138' title='bbox 1029 1910 1095 1969; x_wconf 88' lang='lat' dir='ltr'>quo</span> <span class='ocrx_word' id='word_1_139' title='bbox 1107 1894 1230 1954; x_wconf 89' lang='lat' dir='ltr'>honum</span> 
     </span>
     <span class='ocr_line' id='line_1_23' title="bbox 217 1973 1234 2054; baseline -0.004 -18"><span class='ocrx_word' id='word_1_140' title='bbox 217 1975 307 2054; x_wconf 87' lang='lat' dir='ltr'>quod</span> <span class='ocrx_word' id='word_1_141' title='bbox 330 1975 464 2051; x_wconf 81' lang='lat' dir='ltr'>appetit,</span> <span class='ocrx_word' id='word_1_142' title='bbox 489 1978 540 2034; x_wconf 93' lang='lat' dir='ltr'>cst</span> <span class='ocrx_word' id='word_1_143' title='bbox 567 1973 709 2034; x_wconf 89' lang='lat' dir='ltr'>nobilius</span> <span class='ocrx_word' id='word_1_144' title='bbox 737 1979 771 2034; x_wconf 92' lang='lat' dir='ltr'>et</span> <span class='ocrx_word' id='word_1_145' title='bbox 798 1975 953 2046; x_wconf 90' lang='lat' dir='ltr'>ulterius;</span> <span class='ocrx_word' id='word_1_146' title='bbox 988 1975 1078 2050; x_wconf 87' lang='lat' dir='ltr'>atqui</span> <span class='ocrx_word' id='word_1_147' title='bbox 1108 1975 1234 2036; x_wconf 92' lang='lat' dir='ltr'>bonum</span> 
     </span>
     <span class='ocr_line' id='line_1_24' title="bbox 217 2052 1232 2134; baseline -0.004 -19"><span class='ocrx_word' id='word_1_148' title='bbox 217 2054 305 2134; x_wconf 89' lang='lat' dir='ltr'>quod</span> <span class='ocrx_word' id='word_1_149' title='bbox 343 2054 510 2114; x_wconf 88' lang='lat' dir='ltr'>constituit</span> <span class='ocrx_word' id='word_1_150' title='bbox 543 2052 644 2113; x_wconf 92' lang='lat' dir='ltr'>finem</span> <span class='ocrx_word' id='word_1_151' title='bbox 679 2054 844 2114; x_wconf 90' lang='lat' dir='ltr'>societatis</span> <span class='ocrx_word' id='word_1_152' title='bbox 874 2052 1036 2132; x_wconf 82' lang='lat' dir='ltr'>religiosae</span> <span class='ocrx_word' id='word_1_153' title='bbox 1067 2058 1119 2112; x_wconf 85' lang='lat' dir='ltr'>est</span> <span class='ocrx_word' id='word_1_154' title='bbox 1145 2052 1232 2113; x_wconf 90' lang='lat' dir='ltr'>hono</span> 
     </span>
     <span class='ocr_line' id='line_1_25' title="bbox 218 2132 1233 2212; baseline -0.002 -17"><span class='ocrx_word' id='word_1_155' title='bbox 218 2136 384 2197; x_wconf 89' lang='lat' dir='ltr'>communi</span> <span class='ocrx_word' id='word_1_156' title='bbox 424 2132 513 2210; x_wconf 87' lang='lat' dir='ltr'>quod</span> <span class='ocrx_word' id='word_1_157' title='bbox 541 2137 754 2212; x_wconf 88' lang='lat' dir='ltr'>prosequitur</span> <span class='ocrx_word' id='word_1_158' title='bbox 779 2136 919 2194; x_wconf 87' lang='lat' dir='ltr'>societas</span> <span class='ocrx_word' id='word_1_159' title='bbox 951 2132 1064 2205; x_wconf 86' lang='lat' dir='ltr'>civilis,</span> <span class='ocrx_word' id='word_1_160' title='bbox 1094 2134 1233 2193; x_wconf 89' lang='lat' dir='ltr'>ulterius</span> 
     </span>
     <span class='ocr_line' id='line_1_26' title="bbox 219 2212 1166 2292; baseline -0.005 -15"><span class='ocrx_word' id='word_1_161' title='bbox 219 2222 253 2277; x_wconf 90' lang='grc'>31</span> <span class='ocrx_word' id='word_1_162' title='bbox 272 2215 373 2292; x_wconf 88' lang='lat' dir='ltr'>longe</span> <span class='ocrx_word' id='word_1_163' title='bbox 389 2214 532 2274; x_wconf 89' lang='lat' dir='ltr'>nobilius</span> <span class='ocrx_word' id='word_1_164' title='bbox 551 2218 626 2279; x_wconf 89' lang='lat' dir='ltr'>:est</span> <span class='ocrx_word' id='word_1_165' title='bbox 648 2215 737 2275; x_wconf 90' lang='lat' dir='ltr'>enim</span> <span class='ocrx_word' id='word_1_166' title='bbox 757 2212 896 2275; x_wconf 85' lang='lat' dir='ltr'>felicitas</span> <span class='ocrx_word' id='word_1_167' title='bbox 911 2217 1043 2273; x_wconf 81' lang='lat' dir='ltr'>eterna.</span> <span class='ocrx_word' id='word_1_168' title='bbox 1066 2213 1166 2292; x_wconf 90' lang='lat' dir='ltr'>Ergo.</span> 
     </span>
    </p>

    <p class='ocr_par' dir='ltr' id='par_1_8' title="bbox 214 2290 1233 2770">
     <span class='ocr_line' id='line_1_27' title="bbox 256 2290 1231 2369; baseline -0.004 -16"><span class='ocrx_word' id='word_1_169' title='bbox 256 2294 289 2353; x_wconf 88' lang='lat'>3⁰</span> <span class='ocrx_word' id='word_1_170' title='bbox 310 2293 341 2355; x_wconf 88' lang='lat' dir='ltr'>Si</span> <span class='ocrx_word' id='word_1_171' title='bbox 356 2310 444 2355; x_wconf 91' lang='lat' dir='ltr'>nunc</span> <span class='ocrx_word' id='word_1_172' title='bbox 456 2292 592 2369; x_wconf 88' lang='lat' dir='ltr'>speciali</span> <span class='ocrx_word' id='word_1_173' title='bbox 608 2294 707 2355; x_wconf 92' lang='lat' dir='ltr'>modo</span> <span class='ocrx_word' id='word_1_174' title='bbox 723 2293 935 2353; x_wconf 89' lang='lat' dir='ltr'>attendamus</span> <span class='ocrx_word' id='word_1_175' title='bbox 951 2290 1040 2369; x_wconf 89' lang='lat' dir='ltr'>quod</span> <span class='ocrx_word' id='word_1_176' title='bbox 1059 2291 1132 2353; x_wconf 90' lang='lat' dir='ltr'>finis</span> <span class='ocrx_word' id='word_1_177' title='bbox 1158 2291 1231 2352; x_wconf 92' lang='lat' dir='ltr'>ulti-</span> 
     </span>
     <span class='ocr_line' id='line_1_28' title="bbox 214 2370 1233 2450; baseline 0.001 -21"><span class='ocrx_word' id='word_1_178' title='bbox 214 2385 289 2435; x_wconf 92' lang='lat' dir='ltr'>mus</span> <span class='ocrx_word' id='word_1_179' title='bbox 304 2373 443 2434; x_wconf 91' lang='lat' dir='ltr'>hominis</span> <span class='ocrx_word' id='word_1_180' title='bbox 458 2374 499 2433; x_wconf 91' lang='lat' dir='ltr'>sit</span> <span class='ocrx_word' id='word_1_181' title='bbox 514 2374 783 2449; x_wconf 84' lang='lat' dir='ltr'>supernaturalis,</span> <span class='ocrx_word' id='word_1_182' title='bbox 808 2379 840 2432; x_wconf 87' lang='lat' dir='ltr'>et</span> <span class='ocrx_word' id='word_1_183' title='bbox 859 2372 969 2432; x_wconf 91' lang='lat' dir='ltr'>media</span> <span class='ocrx_word' id='word_1_184' title='bbox 992 2370 1035 2431; x_wconf 92' lang='lat' dir='ltr'>ad</span> <span class='ocrx_word' id='word_1_185' title='bbox 1049 2373 1158 2450; x_wconf 92' lang='lat' dir='ltr'>ipsum</span> <span class='ocrx_word' id='word_1_186' title='bbox 1185 2388 1233 2431; x_wconf 92' lang='lat' dir='ltr'>or-</span> 
     </span>
     <span class='ocr_line' id='line_1_29' title="bbox 217 2448 1232 2529; baseline 0 -18"><span class='ocrx_word' id='word_1_187' title='bbox 217 2448 326 2515; x_wconf 88' lang='lat' dir='ltr'>dinata</span> <span class='ocrx_word' id='word_1_188' title='bbox 351 2453 452 2513; x_wconf 89' lang='lat' dir='ltr'>solius</span> <span class='ocrx_word' id='word_1_189' title='bbox 475 2454 629 2513; x_wconf 85' lang='lat' dir='ltr'>Ecclesiae</span> <span class='ocrx_word' id='word_1_190' title='bbox 655 2454 796 2529; x_wconf 90' lang='lat' dir='ltr'>propria,</span> <span class='ocrx_word' id='word_1_191' title='bbox 825 2452 895 2512; x_wconf 91' lang='lat' dir='ltr'>sole</span> <span class='ocrx_word' id='word_1_192' title='bbox 925 2452 1043 2511; x_wconf 87' lang='lat' dir='ltr'>clarius</span> <span class='ocrx_word' id='word_1_193' title='bbox 1071 2451 1232 2513; x_wconf 89' lang='lat' dir='ltr'>constabit</span> 
     </span>
     <span class='ocr_line' id='line_1_30' title="bbox 216 2528 1231 2611; baseline 0.003 -24"><span class='ocrx_word' id='word_1_194' title='bbox 216 2528 384 2595; x_wconf 88' lang='lat' dir='ltr'>hominem</span> <span class='ocrx_word' id='word_1_195' title='bbox 399 2532 546 2592; x_wconf 88' lang='lat' dir='ltr'>absolute</span> <span class='ocrx_word' id='word_1_196' title='bbox 568 2531 719 2611; x_wconf 87' lang='lat' dir='ltr'>indigere</span> <span class='ocrx_word' id='word_1_197' title='bbox 735 2531 853 2593; x_wconf 83' lang='lat' dir='ltr'>auxilio</span> <span class='ocrx_word' id='word_1_198' title='bbox 873 2532 1041 2592; x_wconf 84' lang='lat' dir='ltr'>Ecclesiae.</span> <span class='ocrx_word' id='word_1_199' title='bbox 1066 2535 1106 2592; x_wconf 79' lang='lat' dir='ltr'>at</span> <span class='ocrx_word' id='word_1_200' title='bbox 1128 2531 1231 2591; x_wconf 89' lang='lat' dir='ltr'>socie-</span> 
     </span>
     <span class='ocr_line' id='line_1_31' title="bbox 231 2612 1230 2680; baseline -0.001 -9"><span class='ocrx_word' id='word_1_201' title='bbox 231 2629 266 2671; x_wconf 90' lang='grc'>33</span> <span class='ocrx_word' id='word_1_202' title='bbox 290 2612 388 2672; x_wconf 90' lang='lat' dir='ltr'>civilis</span> <span class='ocrx_word' id='word_1_203' title='bbox 403 2627 469 2672; x_wconf 92' lang='lat' dir='ltr'>non</span> <span class='ocrx_word' id='word_1_204' title='bbox 492 2615 542 2674; x_wconf 90' lang='lat' dir='ltr'>est</span> <span class='ocrx_word' id='word_1_205' title='bbox 555 2612 679 2673; x_wconf 89' lang='lat' dir='ltr'>homini</span> <span class='ocrx_word' id='word_1_206' title='bbox 694 2613 844 2673; x_wconf 90' lang='lat' dir='ltr'>absolute</span> <span class='ocrx_word' id='word_1_207' title='bbox 859 2614 1057 2680; x_wconf 89' lang='lat' dir='ltr'>necessaria,</span> <span class='ocrx_word' id='word_1_208' title='bbox 1071 2613 1150 2672; x_wconf 89' lang='lat' dir='ltr'>licet</span> <span class='ocrx_word' id='word_1_209' title='bbox 1171 2614 1230 2671; x_wconf 92' lang='lat' dir='ltr'>uti-</span> 
     </span>
     <span class='ocr_line' id='line_1_32' title="bbox 224 2692 466 2770; baseline 0.008 -21"><span class='ocrx_word' id='word_1_210' title='bbox 224 2692 349 2753; x_wconf 88' lang='lat' dir='ltr'>issima.</span> <span class='ocrx_word' id='word_1_211' title='bbox 366 2693 466 2770; x_wconf 90' lang='lat' dir='ltr'>Ergo.</span> 
     </span>
    </p>
   </div>
   <div class='ocr_carea' id='block_1_7' title="bbox 214 2792 1231 2971">
    <p class='ocr_par' dir='ltr' id='par_1_9' title="bbox 214 2792 1231 2971">
     <span class='ocr_line' id='line_1_33' title="bbox 214 2792 1231 2971; baseline -0.007 -92"><span class='ocrx_word' id='word_1_212' title='bbox 214 2818 286 2971; x_wconf 51' lang='lat'>29}</span> <span class='ocrx_word' id='word_1_213' title='bbox 311 2852 350 2954; x_wconf 62' lang='grc' dir='ltr'>ι-</span> <span class='ocrx_word' id='word_1_214' title='bbox 369 2817 475 2877; x_wconf 82' lang='grc' dir='ltr'><strong>Τ113313</strong></span> <span class='ocrx_word' id='word_1_215' title='bbox 503 2817 538 2875; x_wconf 94' lang='lat' dir='ltr'>ll.</span> <span class='ocrx_word' id='word_1_216' title='bbox 564 2817 706 2877; x_wconf 81' lang='lat' dir='ltr'>Ecclesia</span> <span class='ocrx_word' id='word_1_217' title='bbox 730 2820 774 2875; x_wconf 85' lang='lat' dir='ltr'>est</span> <span class='ocrx_word' id='word_1_218' title='bbox 796 2792 931 2874; x_wconf 75' lang='lat' dir='ltr'>societas</span> <span class='ocrx_word' id='word_1_219' title='bbox 951 2813 1086 2875; x_wconf 79' lang='lat' dir='ltr'>visibitis</span> <span class='ocrx_word' id='word_1_220' title='bbox 1108 2818 1231 2888; x_wconf 67' lang='grc'><strong>311131-</strong></span> 
     </span>
     <span class='ocr_line' id='line_1_34' title="bbox 276 2913 357 2956; baseline -0.012 -1"><span class='ocrx_word' id='word_1_221' title='bbox 276 2913 310 2956; x_wconf 89' lang='lat' dir='ltr'>ec</span> <span class='ocrx_word' id='word_1_222' title='bbox 326 2913 357 2955; x_wconf 92' lang='lat' dir='ltr'>a.</span> 
     </span>
    </p>
   </div>
   <div class='ocr_carea' id='block_1_8' title="bbox 214 3013 1229 3336">
    <p class='ocr_par' dir='ltr' id='par_1_10' title="bbox 214 3013 1229 3336">
     <span class='ocr_line' id='line_1_35' title="bbox 247 3013 1229 3093; baseline -0.007 -14"><span class='ocrx_word' id='word_1_223' title='bbox 247 3020 407 3080; x_wconf 81' lang='lat' dir='ltr'>Probatur</span> <span class='ocrx_word' id='word_1_224' title='bbox 417 3021 445 3078; x_wconf 67' lang='lat' dir='ltr'>la</span> <span class='ocrx_word' id='word_1_225' title='bbox 453 3034 543 3093; x_wconf 86' lang='lat' dir='ltr'>pars.</span> <span class='ocrx_word' id='word_1_226' title='bbox 559 3018 587 3075; x_wconf 80' lang='grc' dir='ltr'>1ο</span> <span class='ocrx_word' id='word_1_227' title='bbox 598 3016 629 3075; x_wconf 82' lang='lat' dir='ltr'>Si</span> <span class='ocrx_word' id='word_1_228' title='bbox 638 3014 784 3076; x_wconf 88' lang='lat' dir='ltr'>Ecclesia</span> <span class='ocrx_word' id='word_1_229' title='bbox 794 3030 860 3075; x_wconf 92' lang='lat' dir='ltr'>non</span> <span class='ocrx_word' id='word_1_230' title='bbox 874 3019 963 3073; x_wconf 89' lang='lat' dir='ltr'>esset</span> <span class='ocrx_word' id='word_1_231' title='bbox 974 3013 1114 3073; x_wconf 89' lang='lat' dir='ltr'>societas</span> <span class='ocrx_word' id='word_1_232' title='bbox 1126 3021 1229 3073; x_wconf 76' lang='lat' dir='ltr'>eeter-</span> 
     </span>
     <span class='ocr_line' id='line_1_36' title="bbox 214 3092 1228 3173; baseline -0.006 -14"><span class='ocrx_word' id='word_1_233' title='bbox 214 3112 258 3165; x_wconf 82' lang='lat' dir='ltr'>aa</span> <span class='ocrx_word' id='word_1_234' title='bbox 280 3098 466 3167; x_wconf 69' lang='lat' dir='ltr'>stabibilis,</span> <span class='ocrx_word' id='word_1_235' title='bbox 484 3094 631 3173; x_wconf 87' lang='lat' dir='ltr'>proiecto</span> <span class='ocrx_word' id='word_1_236' title='bbox 654 3110 717 3156; x_wconf 91' lang='lat' dir='ltr'>nec</span> <span class='ocrx_word' id='word_1_237' title='bbox 741 3096 882 3154; x_wconf 88' lang='lat' dir='ltr'>societas</span> <span class='ocrx_word' id='word_1_238' title='bbox 901 3092 998 3153; x_wconf 88' lang='lat' dir='ltr'>realis</span> <span class='ocrx_word' id='word_1_239' title='bbox 1027 3098 1060 3153; x_wconf 93' lang='lat' dir='ltr'>et</span> <span class='ocrx_word' id='word_1_240' title='bbox 1083 3093 1228 3153; x_wconf 90' lang='lat' dir='ltr'>humana</span> 
     </span>
     <span class='ocr_line' id='line_1_37' title="bbox 227 3172 1227 3249; baseline -0.007 -9"><span class='ocrx_word' id='word_1_241' title='bbox 227 3187 300 3241; x_wconf 85' lang='grc'><strong>0131</strong></span> <span class='ocrx_word' id='word_1_242' title='bbox 317 3198 323 3238; x_wconf 89' lang='lat'>:</span> <span class='ocrx_word' id='word_1_243' title='bbox 341 3178 592 3239; x_wconf 87' lang='lat' dir='ltr'>hominesenim</span> <span class='ocrx_word' id='word_1_244' title='bbox 617 3191 683 3235; x_wconf 92' lang='lat' dir='ltr'>non</span> <span class='ocrx_word' id='word_1_245' title='bbox 710 3178 787 3233; x_wconf 90' lang='lat' dir='ltr'>sunt</span> <span class='ocrx_word' id='word_1_246' title='bbox 812 3176 884 3249; x_wconf 91' lang='lat' dir='ltr'>puri</span> <span class='ocrx_word' id='word_1_247' title='bbox 909 3172 1055 3248; x_wconf 76' lang='grc'><strong>3111111113,</strong></span> <span class='ocrx_word' id='word_1_248' title='bbox 1077 3176 1132 3249; x_wconf 89' lang='lat' dir='ltr'>qui</span> <span class='ocrx_word' id='word_1_249' title='bbox 1157 3174 1227 3234; x_wconf 90' lang='lat' dir='ltr'>sine</span> 
     </span>
     <span class='ocr_line' id='line_1_38' title="bbox 214 3253 1226 3336; baseline -0.007 -15"><span class='ocrx_word' id='word_1_250' title='bbox 214 3260 287 3321; x_wconf 90' lang='lat' dir='ltr'>ullis</span> <span class='ocrx_word' id='word_1_251' title='bbox 303 3258 407 3336; x_wconf 88' lang='lat' dir='ltr'>signis</span> <span class='ocrx_word' id='word_1_252' title='bbox 422 3256 643 3323; x_wconf 89' lang='lat' dir='ltr'>sensibilibus,</span> <span class='ocrx_word' id='word_1_253' title='bbox 663 3253 843 3314; x_wconf 81' lang='lat' dir='ltr'>consociari</span> <span class='ocrx_word' id='word_1_254' title='bbox 859 3255 1007 3327; x_wconf 88' lang='lat' dir='ltr'>possent,</span> <span class='ocrx_word' id='word_1_255' title='bbox 1019 3268 1080 3311; x_wconf 91' lang='lat' dir='ltr'>seu</span> <span class='ocrx_word' id='word_1_256' title='bbox 1090 3253 1176 3312; x_wconf 91' lang='lat' dir='ltr'>inter</span> <span class='ocrx_word' id='word_1_257' title='bbox 1190 3270 1226 3314; x_wconf 91' lang='lat' dir='ltr'>se</span> 
     </span>
    </p>
   </div>
   <div class='ocr_carea' id='block_1_9' title="bbox 135 3331 1227 3737">
    <p class='ocr_par' dir='ltr' id='par_1_11' title="bbox 60 3328 1227 3737">
     <span class='ocr_line' id='line_1_39' title="bbox 167 3331 1225 3408; baseline -0.003 -13.276"><span class='ocrx_word' id='word_1_258' title='bbox 167 3394 168 3397; x_wconf 74' lang='grc'>,</span> <span class='ocrx_word' id='word_1_259' title='bbox 216 3338 529 3400; x_wconf 86' lang='lat' dir='ltr'>communicationes</span> <span class='ocrx_word' id='word_1_260' title='bbox 543 3340 673 3395; x_wconf 89' lang='lat' dir='ltr'>mutuas</span> <span class='ocrx_word' id='word_1_261' title='bbox 687 3334 820 3393; x_wconf 87' lang='lat' dir='ltr'>habere.</span> <span class='ocrx_word' id='word_1_262' title='bbox 847 3334 961 3408; x_wconf 89' lang='lat' dir='ltr'>ltaque</span> <span class='ocrx_word' id='word_1_263' title='bbox 986 3331 1012 3389; x_wconf 92' lang='lat' dir='ltr'>si</span> <span class='ocrx_word' id='word_1_264' title='bbox 1035 3332 1069 3391; x_wconf 90' lang='lat' dir='ltr'>in</span> <span class='ocrx_word' id='word_1_265' title='bbox 1088 3332 1225 3392; x_wconf 89' lang='lat' dir='ltr'>societa-</span> 
     </span>
     <span class='ocr_line' id='line_1_40' title="bbox 214 3412 1225 3495; baseline -0.004 -18.458"><span class='ocrx_word' id='word_1_266' title='bbox 214 3422 284 3479; x_wconf 91' lang='lat' dir='ltr'>tem</span> <span class='ocrx_word' id='word_1_267' title='bbox 299 3420 442 3495; x_wconf 89' lang='lat' dir='ltr'>aliquam</span> <span class='ocrx_word' id='word_1_268' title='bbox 459 3416 668 3485; x_wconf 88' lang='lat' dir='ltr'>conveniunt,</span> <span class='ocrx_word' id='word_1_269' title='bbox 690 3429 829 3474; x_wconf 86' lang='lat' dir='ltr'>neeesse</span> <span class='ocrx_word' id='word_1_270' title='bbox 855 3422 908 3471; x_wconf 90' lang='lat' dir='ltr'>est</span> <span class='ocrx_word' id='word_1_271' title='bbox 930 3416 967 3471; x_wconf 92' lang='lat' dir='ltr'>ut</span> <span class='ocrx_word' id='word_1_272' title='bbox 992 3412 1064 3470; x_wconf 82' lang='lat' dir='ltr'>haeo</span> <span class='ocrx_word' id='word_1_273' title='bbox 1085 3413 1225 3472; x_wconf 90' lang='lat' dir='ltr'>societas</span> 
     </span>
     <span class='ocr_line' id='line_1_41' title="bbox 213 3488 1224 3567; baseline -0.02 5.469"><span class='ocrx_word' id='word_1_274' title='bbox 213 3500 406 3561; x_wconf 82' lang='grc'><strong>3113113103</strong></span> <span class='ocrx_word' id='word_1_275' title='bbox 431 3502 464 3556; x_wconf 94' lang='lat' dir='ltr'>et</span> <span class='ocrx_word' id='word_1_276' title='bbox 481 3495 626 3567; x_wconf 88' lang='lat' dir='ltr'>visibilis,</span> <span class='ocrx_word' id='word_1_277' title='bbox 651 3492 759 3554; x_wconf 90' lang='lat' dir='ltr'>media</span> <span class='ocrx_word' id='word_1_278' title='bbox 780 3491 946 3553; x_wconf 90' lang='lat' dir='ltr'>sensibilia</span> <span class='ocrx_word' id='word_1_279' title='bbox 971 3488 1138 3563; x_wconf 89' lang='lat' dir='ltr'>adhibeat,</span> <span class='ocrx_word' id='word_1_280' title='bbox 1162 3495 1224 3552; x_wconf 87' lang='lat' dir='ltr'>etc.</span> 
     </span>
     <span class='ocr_line' id='line_1_42' title="bbox 214 3568 1226 3657; baseline 0.007 -31.3"><span class='ocrx_word' id='word_1_281' title='bbox 214 3578 313 3657; x_wconf 73' lang='lat' dir='ltr'>Atqui</span> <span class='ocrx_word' id='word_1_282' title='bbox 326 3578 472 3654; x_wconf 86' lang='lat' dir='ltr'>Ecclesia</span> <span class='ocrx_word' id='word_1_283' title='bbox 488 3576 688 3636; x_wconf 87' lang='lat' dir='ltr'>estsocietas</span> <span class='ocrx_word' id='word_1_284' title='bbox 710 3572 818 3644; x_wconf 88' lang='lat' dir='ltr'>realis,</span> <span class='ocrx_word' id='word_1_285' title='bbox 839 3577 876 3632; x_wconf 90' lang='lat' dir='ltr'>ut</span> <span class='ocrx_word' id='word_1_286' title='bbox 898 3574 1025 3637; x_wconf 86' lang='lat' dir='ltr'>constat</span> <span class='ocrx_word' id='word_1_287' title='bbox 1050 3573 1080 3632; x_wconf 77' lang='grc' dir='ltr'>1ο</span> <span class='ocrx_word' id='word_1_288' title='bbox 1104 3585 1145 3631; x_wconf 82' lang='lat' dir='ltr'>ex</span> <span class='ocrx_word' id='word_1_289' title='bbox 1163 3568 1226 3632; x_wconf 85' lang='lat' dir='ltr'>iac-</span> 
     </span>
     <span class='ocr_line' id='line_1_43' title="bbox 135 3648 1227 3737; baseline -0.003 -22"><span class='ocrx_word' id='word_1_290' title='bbox 135 3732 153 3737; x_wconf 26' lang='grc' dir='ltr'>Η</span> <span class='ocrx_word' id='word_1_291' title='bbox 216 3662 262 3733; x_wconf 85' lang='lat' dir='ltr'>to&#39;,</span> <span class='ocrx_word' id='word_1_292' title='bbox 287 3659 319 3717; x_wconf 76' lang='lat'>2⁰</span> <span class='ocrx_word' id='word_1_293' title='bbox 347 3655 546 3733; x_wconf 81' lang='lat' dir='ltr'>expositiva</span> <span class='ocrx_word' id='word_1_294' title='bbox 570 3653 687 3715; x_wconf 85' lang='lat' dir='ltr'>Christi</span> <span class='ocrx_word' id='word_1_295' title='bbox 710 3652 929 3722; x_wconf 86' lang='lat' dir='ltr'>institutione,</span> <span class='ocrx_word' id='word_1_296' title='bbox 957 3650 1013 3729; x_wconf 92' lang='lat' dir='ltr'>qui</span> <span class='ocrx_word' id='word_1_297' title='bbox 1031 3648 1227 3712; x_wconf 89' lang='lat' dir='ltr'>iiliformam</span> 
     </span>
    </p>
   </div>
   <div class='ocr_carea' id='block_1_10' title="bbox 0 0 1326 4250">
    <p class='ocr_par' dir='ltr' id='par_1_12' title="bbox 0 0 1326 4250">
     <span class='ocr_line' id='line_1_44' title="bbox 0 0 1326 4250; baseline 0 5"><span class='ocrx_word' id='word_1_298' title='bbox 0 0 1326 4250; x_wconf 95' lang='lat' dir='ltr'> </span> 
     </span>
    </p>
   </div>
  </div>
 </body>
</html>
