<?xml version="1.0" encoding="UTF-8"?>
<!DOCTYPE html PUBLIC "-//W3C//DTD XHTML 1.0 Transitional//EN"
    "http://www.w3.org/TR/xhtml1/DTD/xhtml1-transitional.dtd">
<html xmlns="http://www.w3.org/1999/xhtml" xml:lang="en" lang="en">
 <head>
  <title>
</title>
<meta http-equiv="Content-Type" content="text/html;charset=utf-8" />
  <meta name='ocr-system' content='tesseract 3.04.00' />
  <meta name='ocr-capabilities' content='ocr_page ocr_carea ocr_par ocr_line ocrx_word'/>
</head>
<body>
  <div class='ocr_page' id='page_1' title='image "./brevariumphilos00grangoog_0183.png"; bbox 0 0 2642 4250; ppageno 0'>
   <div class='ocr_carea' id='block_1_1' title="bbox 396 255 1110 320">
    <p class='ocr_par' dir='ltr' id='par_1_1' title="bbox 396 255 1110 320">
     <span class='ocr_line' id='line_1_1' title="bbox 396 255 1110 320; baseline -0.008 0"><span class='ocrx_word' id='word_1_1' title='bbox 396 294 408 320; x_wconf 80' lang='grc'><strong>.</strong></span> <span class='ocrx_word' id='word_1_2' title='bbox 464 273 571 318; x_wconf 79' lang='lat' dir='ltr'>ardica</span> <span class='ocrx_word' id='word_1_3' title='bbox 592 270 749 314; x_wconf 81' lang='lat' dir='ltr'>sracuus.</span> <span class='ocrx_word' id='word_1_4' title='bbox 1055 255 1110 314; x_wconf 86' lang='lat'>171</span> 
     </span>
    </p>
   </div>
   <div class='ocr_carea' id='block_1_2' title="bbox 86 383 1111 1420">
    <p class='ocr_par' dir='ltr' id='par_1_2' title="bbox 86 383 1111 766">
     <span class='ocr_line' id='line_1_2' title="bbox 87 383 1109 463; baseline 0.001 -18"><span class='ocrx_word' id='word_1_5' title='bbox 87 385 276 458; x_wconf 86' lang='lat' dir='ltr'>infallibile‚</span> <span class='ocrx_word' id='word_1_6' title='bbox 298 386 389 463; x_wconf 91' lang='lat' dir='ltr'>quod</span> <span class='ocrx_word' id='word_1_7' title='bbox 411 387 563 447; x_wconf 91' lang='lat' dir='ltr'>ultimum</span> <span class='ocrx_word' id='word_1_8' title='bbox 581 385 682 446; x_wconf 90' lang='lat' dir='ltr'>finem</span> <span class='ocrx_word' id='word_1_9' title='bbox 701 386 773 446; x_wconf 86' lang='lat' dir='ltr'>sine</span> <span class='ocrx_word' id='word_1_10' title='bbox 794 387 912 446; x_wconf 89' lang='lat' dir='ltr'>erroris</span> <span class='ocrx_word' id='word_1_11' title='bbox 931 383 1109 446; x_wconf 87' lang='lat' dir='ltr'>formidine</span> 
     </span>
     <span class='ocr_line' id='line_1_3' title="bbox 88 464 1109 544; baseline 0.003 -21"><span class='ocrx_word' id='word_1_12' title='bbox 88 482 231 544; x_wconf 81' lang='lat' dir='ltr'>semper</span> <span class='ocrx_word' id='word_1_13' title='bbox 253 465 419 536; x_wconf 89' lang='lat' dir='ltr'>ostendat,</span> <span class='ocrx_word' id='word_1_14' title='bbox 445 468 570 529; x_wconf 88' lang='lat' dir='ltr'>scilicet</span> <span class='ocrx_word' id='word_1_15' title='bbox 586 467 739 543; x_wconf 82' lang='lat' dir='ltr'>regulam</span> <span class='ocrx_word' id='word_1_16' title='bbox 762 464 919 526; x_wconf 86' lang='lat' dir='ltr'>credendi</span> <span class='ocrx_word' id='word_1_17' title='bbox 943 467 1109 529; x_wconf 82' lang='lat' dir='ltr'>viventem</span> 
     </span>
     <span class='ocr_line' id='line_1_4' title="bbox 86 545 1111 624; baseline 0 -20"><span class='ocrx_word' id='word_1_18' title='bbox 86 561 296 624; x_wconf 82' lang='lat' dir='ltr'>semperque</span> <span class='ocrx_word' id='word_1_19' title='bbox 312 549 479 622; x_wconf 71' lang='lat' dir='ltr'>agentem,</span> <span class='ocrx_word' id='word_1_20' title='bbox 497 549 572 624; x_wconf 91' lang='lat' dir='ltr'>quia</span> <span class='ocrx_word' id='word_1_21' title='bbox 587 545 739 606; x_wconf 88' lang='lat' dir='ltr'>homines</span> <span class='ocrx_word' id='word_1_22' title='bbox 754 545 901 622; x_wconf 91' lang='lat' dir='ltr'>quotidie</span> <span class='ocrx_word' id='word_1_23' title='bbox 914 547 1032 607; x_wconf 89' lang='lat' dir='ltr'>salvari</span> <span class='ocrx_word' id='word_1_24' title='bbox 1055 545 1111 605; x_wconf 88' lang='lat' dir='ltr'>de-</span> 
     </span>
     <span class='ocr_line' id='line_1_5' title="bbox 89 624 1111 704; baseline 0.001 -19"><span class='ocrx_word' id='word_1_25' title='bbox 89 626 189 685; x_wconf 84' lang='lat' dir='ltr'>bent.</span> <span class='ocrx_word' id='word_1_26' title='bbox 221 627 400 702; x_wconf 81' lang='lat' dir='ltr'>supremus</span> <span class='ocrx_word' id='word_1_27' title='bbox 430 632 463 686; x_wconf 90' lang='lat' dir='ltr'>et</span> <span class='ocrx_word' id='word_1_28' title='bbox 490 625 667 686; x_wconf 87' lang='lat' dir='ltr'>infallibilis</span> <span class='ocrx_word' id='word_1_29' title='bbox 692 628 850 704; x_wconf 84' lang='lat' dir='ltr'>magister</span> <span class='ocrx_word' id='word_1_30' title='bbox 874 624 1031 686; x_wconf 87' lang='lat' dir='ltr'>Ecclesiae</span> <span class='ocrx_word' id='word_1_31' title='bbox 1061 631 1111 686; x_wconf 86' lang='lat' dir='ltr'>est</span> 
     </span>
     <span class='ocr_line' id='line_1_6' title="bbox 92 704 425 766; baseline -0.003 -1"><span class='ocrx_word' id='word_1_32' title='bbox 92 706 250 766; x_wconf 87' lang='lat' dir='ltr'>Summus</span> <span class='ocrx_word' id='word_1_33' title='bbox 264 704 425 765; x_wconf 77' lang='lat' dir='ltr'>Pontifex,</span> 
     </span>
    </p>

    <p class='ocr_par' dir='ltr' id='par_1_3' title="bbox 90 782 1111 1101">
     <span class='ocr_line' id='line_1_7' title="bbox 138 782 1108 862; baseline -0.005 -16"><span class='ocrx_word' id='word_1_34' title='bbox 138 786 169 846; x_wconf 88' lang='lat'>3⁰</span> <span class='ocrx_word' id='word_1_35' title='bbox 183 785 252 846; x_wconf 90' lang='lat' dir='ltr'>Non</span> <span class='ocrx_word' id='word_1_36' title='bbox 271 784 371 844; x_wconf 89' lang='lat' dir='ltr'>modo</span> <span class='ocrx_word' id='word_1_37' title='bbox 391 786 464 862; x_wconf 80' lang='lat' dir='ltr'>regi</span> <span class='ocrx_word' id='word_1_38' title='bbox 487 785 587 845; x_wconf 85' lang='lat' dir='ltr'>debet</span> <span class='ocrx_word' id='word_1_39' title='bbox 606 783 689 844; x_wconf 89' lang='lat' dir='ltr'>fides</span> <span class='ocrx_word' id='word_1_40' title='bbox 706 783 816 860; x_wconf 91' lang='lat' dir='ltr'>quoad</span> <span class='ocrx_word' id='word_1_41' title='bbox 830 782 930 846; x_wconf 88' lang='lat' dir='ltr'>finem</span> <span class='ocrx_word' id='word_1_42' title='bbox 946 785 1108 854; x_wconf 83' lang='grc' dir='ltr'><strong>ιιιιιιιιιιιιι</strong></span> 
     </span>
     <span class='ocr_line' id='line_1_8' title="bbox 90 862 1108 942; baseline -0.001 -18"><span class='ocrx_word' id='word_1_43' title='bbox 90 865 322 926; x_wconf 90' lang='lat' dir='ltr'>verumetiam</span> <span class='ocrx_word' id='word_1_44' title='bbox 338 864 448 926; x_wconf 88' lang='lat' dir='ltr'>media</span> <span class='ocrx_word' id='word_1_45' title='bbox 464 865 589 942; x_wconf 79' lang='lat' dir='ltr'>absque</span> <span class='ocrx_word' id='word_1_46' title='bbox 603 864 670 925; x_wconf 91' lang='lat' dir='ltr'>ulla</span> <span class='ocrx_word' id='word_1_47' title='bbox 688 862 882 941; x_wconf 85' lang='lat' dir='ltr'>deceptione</span> <span class='ocrx_word' id='word_1_48' title='bbox 898 864 1029 924; x_wconf 90' lang='lat' dir='ltr'>ostendi</span> <span class='ocrx_word' id='word_1_49' title='bbox 1050 862 1108 924; x_wconf 92' lang='lat' dir='ltr'>de-</span> 
     </span>
     <span class='ocr_line' id='line_1_9' title="bbox 91 943 1111 1052; baseline 0 -48"><span class='ocrx_word' id='word_1_50' title='bbox 91 946 234 1004; x_wconf 84' lang='lat' dir='ltr'>bentet</span> <span class='ocrx_word' id='word_1_51' title='bbox 202 944 425 1021; x_wconf 88' lang='lat' dir='ltr'>etapplicari.</span> <span class='ocrx_word' id='word_1_52' title='bbox 446 947 530 1022; x_wconf 87' lang='lat' dir='ltr'>Ergo</span> <span class='ocrx_word' id='word_1_53' title='bbox 550 945 728 1022; x_wconf 78' lang='lat' dir='ltr'>requiritur</span> <span class='ocrx_word' id='word_1_54' title='bbox 747 949 856 1052; x_wconf 90' lang='lat' dir='ltr'>potest</span> <span class='ocrx_word' id='word_1_55' title='bbox 858 961 893 1005; x_wconf 88' lang='lat' dir='ltr'>as</span> <span class='ocrx_word' id='word_1_56' title='bbox 845 943 1057 1005; x_wconf 91' lang='lat' dir='ltr'>tdocendi</span> <span class='ocrx_word' id='word_1_57' title='bbox 1078 949 1111 1004; x_wconf 88' lang='lat' dir='ltr'>et</span> 
     </span>
     <span class='ocr_line' id='line_1_10' title="bbox 92 1025 394 1101; baseline -0.003 -17"><span class='ocrx_word' id='word_1_58' title='bbox 92 1027 244 1101; x_wconf 86' lang='lat' dir='ltr'>potestas</span> <span class='ocrx_word' id='word_1_59' title='bbox 259 1025 394 1084; x_wconf 77' lang='lat' dir='ltr'>ordinis,</span> 
     </span>
    </p>

    <p class='ocr_par' dir='ltr' id='par_1_4' title="bbox 94 1102 1109 1420">
     <span class='ocr_line' id='line_1_11' title="bbox 135 1102 1108 1164; baseline -0.002 -0.996"><span class='ocrx_word' id='word_1_60' title='bbox 135 1104 170 1163; x_wconf 72' lang='lat'>&#39;4⁰</span> <span class='ocrx_word' id='word_1_61' title='bbox 183 1107 334 1164; x_wconf 82' lang='lat' dir='ltr'>Actiones</span> <span class='ocrx_word' id='word_1_62' title='bbox 349 1119 416 1163; x_wconf 92' lang='lat' dir='ltr'>non</span> <span class='ocrx_word' id='word_1_63' title='bbox 431 1103 528 1164; x_wconf 90' lang='lat' dir='ltr'>modo</span> <span class='ocrx_word' id='word_1_64' title='bbox 544 1106 679 1164; x_wconf 81' lang='lat' dir='ltr'>interne</span> <span class='ocrx_word' id='word_1_65' title='bbox 694 1103 818 1164; x_wconf 89' lang='lat' dir='ltr'>debent</span> <span class='ocrx_word' id='word_1_66' title='bbox 832 1102 995 1163; x_wconf 82' lang='lat' dir='ltr'>moderari</span> <span class='ocrx_word' id='word_1_67' title='bbox 1011 1103 1108 1163; x_wconf 92' lang='lat' dir='ltr'>intui·</span> 
     </span>
     <span class='ocr_line' id='line_1_12' title="bbox 95 1181 1109 1262; baseline 0.002 -22"><span class='ocrx_word' id='word_1_68' title='bbox 95 1187 134 1242; x_wconf 92' lang='lat' dir='ltr'>tu</span> <span class='ocrx_word' id='word_1_69' title='bbox 148 1181 217 1244; x_wconf 87' lang='lat' dir='ltr'>linis</span> <span class='ocrx_word' id='word_1_70' title='bbox 232 1184 346 1254; x_wconf 88' lang='lat' dir='ltr'>ultimi,</span> <span class='ocrx_word' id='word_1_71' title='bbox 362 1185 589 1245; x_wconf 88' lang='lat' dir='ltr'>verumetiam</span> <span class='ocrx_word' id='word_1_72' title='bbox 610 1187 819 1259; x_wconf 82' lang='lat' dir='ltr'>operationes</span> <span class='ocrx_word' id='word_1_73' title='bbox 839 1186 981 1243; x_wconf 79' lang='lat' dir='ltr'>externe</span> <span class='ocrx_word' id='word_1_74' title='bbox 998 1182 1109 1262; x_wconf 84' lang='lat' dir='ltr'>dirigis</span> 
     </span>
     <span class='ocr_line' id='line_1_13' title="bbox 95 1262 1109 1340; baseline 0.001 -19"><span class='ocrx_word' id='word_1_75' title='bbox 95 1262 220 1324; x_wconf 88' lang='lat' dir='ltr'>debent</span> <span class='ocrx_word' id='word_1_76' title='bbox 233 1262 411 1324; x_wconf 80' lang='lat' dir='ltr'>efficaciter</span> <span class='ocrx_word' id='word_1_77' title='bbox 426 1262 473 1322; x_wconf 89' lang='lat' dir='ltr'>ad·</span> <span class='ocrx_word' id='word_1_78' title='bbox 483 1263 561 1323; x_wconf 67' lang='lat' dir='ltr'>larini</span> <span class='ocrx_word' id='word_1_79' title='bbox 577 1264 757 1323; x_wconf 91' lang='lat' dir='ltr'>communis</span> <span class='ocrx_word' id='word_1_80' title='bbox 772 1262 996 1339; x_wconf 86' lang='lat' dir='ltr'>adeptionem,</span> <span class='ocrx_word' id='word_1_81' title='bbox 1020 1263 1109 1340; x_wconf 93' lang='lat' dir='ltr'>quod</span> 
     </span>
     <span class='ocr_line' id='line_1_14' title="bbox 94 1342 718 1420; baseline 0 -18"><span class='ocrx_word' id='word_1_82' title='bbox 94 1347 294 1418; x_wconf 87' lang='lat' dir='ltr'>potestatem</span> <span class='ocrx_word' id='word_1_83' title='bbox 312 1342 554 1420; x_wconf 87' lang='lat' dir='ltr'>disciplinarem</span> <span class='ocrx_word' id='word_1_84' title='bbox 569 1345 718 1420; x_wconf 86' lang='lat' dir='ltr'>requirit.</span> 
     </span>
    </p>
   </div>
   <div class='ocr_carea' id='block_1_3' title="bbox 344 1484 858 1550">
    <p class='ocr_par' dir='ltr' id='par_1_5' title="bbox 344 1484 858 1550">
     <span class='ocr_line' id='line_1_15' title="bbox 344 1484 858 1550; baseline 0 -11"><span class='ocrx_word' id='word_1_85' title='bbox 344 1489 362 1550; x_wconf 63' lang='grc' dir='ltr'><strong>ἓ</strong></span> <span class='ocrx_word' id='word_1_86' title='bbox 376 1487 460 1539; x_wconf 79' lang='lat' dir='ltr'>lille</span> <span class='ocrx_word' id='word_1_87' title='bbox 474 1485 599 1539; x_wconf 85' lang='lat' dir='ltr'>externo</span> <span class='ocrx_word' id='word_1_88' title='bbox 614 1484 751 1538; x_wconf 70' lang='lat' dir='ltr'>Ecclesiae</span> <span class='ocrx_word' id='word_1_89' title='bbox 766 1487 858 1540; x_wconf 87' lang='lat' dir='ltr'>statu.</span> 
     </span>
    </p>
   </div>
   <div class='ocr_carea' id='block_1_4' title="bbox 116 1612 1093 1677">
    <p class='ocr_par' dir='ltr' id='par_1_6' title="bbox 116 1612 1093 1677">
     <span class='ocr_line' id='line_1_16' title="bbox 116 1612 1093 1677; baseline -0.005 -13"><span class='ocrx_word' id='word_1_90' title='bbox 116 1617 136 1664; x_wconf 93' lang='lat' dir='ltr'>l.</span> <span class='ocrx_word' id='word_1_91' title='bbox 149 1616 185 1664; x_wconf 87' lang='lat' dir='ltr'>De</span> <span class='ocrx_word' id='word_1_92' title='bbox 199 1617 267 1664; x_wconf 84' lang='lat' dir='ltr'>statu</span> <span class='ocrx_word' id='word_1_93' title='bbox 281 1619 387 1662; x_wconf 80' lang='lat' dir='ltr'>externo</span> <span class='ocrx_word' id='word_1_94' title='bbox 402 1613 519 1674; x_wconf 86' lang='lat' dir='ltr'>normali,</span> <span class='ocrx_word' id='word_1_95' title='bbox 534 1629 578 1662; x_wconf 87' lang='lat' dir='ltr'>seu</span> <span class='ocrx_word' id='word_1_96' title='bbox 592 1629 622 1661; x_wconf 83' lang='lat' dir='ltr'>ex</span> <span class='ocrx_word' id='word_1_97' title='bbox 635 1613 690 1677; x_wconf 86' lang='lat' dir='ltr'>ipsa</span> <span class='ocrx_word' id='word_1_98' title='bbox 704 1628 791 1661; x_wconf 84' lang='lat' dir='ltr'>rerum</span> <span class='ocrx_word' id='word_1_99' title='bbox 804 1618 898 1662; x_wconf 84' lang='lat' dir='ltr'>natura</span> <span class='ocrx_word' id='word_1_100' title='bbox 912 1612 1093 1660; x_wconf 85' lang='lat' dir='ltr'>efflorescente.</span> 
     </span>
    </p>
   </div>
   <div class='ocr_carea' id='block_1_5' title="bbox 91 1737 1159 2615">
    <p class='ocr_par' dir='ltr' id='par_1_7' title="bbox 94 1737 1109 2368">
     <span class='ocr_line' id='line_1_17' title="bbox 135 1737 1105 1817; baseline -0.002 -17"><span class='ocrx_word' id='word_1_101' title='bbox 135 1741 201 1800; x_wconf 71' lang='lat'><strong>298.</strong></span> <span class='ocrx_word' id='word_1_102' title='bbox 218 1773 256 1782; x_wconf 87' lang='lat'>—-</span> <span class='ocrx_word' id='word_1_103' title='bbox 270 1741 340 1799; x_wconf 87' lang='lat' dir='ltr'>Jam</span> <span class='ocrx_word' id='word_1_104' title='bbox 356 1755 396 1799; x_wconf 87' lang='lat' dir='ltr'>ex</span> <span class='ocrx_word' id='word_1_105' title='bbox 413 1737 506 1798; x_wconf 86' lang='lat' dir='ltr'>dictis</span> <span class='ocrx_word' id='word_1_106' title='bbox 520 1737 604 1817; x_wconf 78' lang='lat'>(295)</span> <span class='ocrx_word' id='word_1_107' title='bbox 620 1743 748 1798; x_wconf 89' lang='lat' dir='ltr'>constat</span> <span class='ocrx_word' id='word_1_108' title='bbox 760 1740 941 1799; x_wconf 82' lang='lat' dir='ltr'>Ecclesiam</span> <span class='ocrx_word' id='word_1_109' title='bbox 957 1755 1031 1798; x_wconf 86' lang='lat' dir='ltr'>esse</span> <span class='ocrx_word' id='word_1_110' title='bbox 1052 1755 1105 1798; x_wconf 93' lang='lat' dir='ltr'>so-</span> 
     </span>
     <span class='ocr_line' id='line_1_18' title="bbox 95 1817 1109 1897; baseline -0.002 -19"><span class='ocrx_word' id='word_1_111' title='bbox 95 1821 244 1878; x_wconf 86' lang='lat' dir='ltr'>cietatem</span> <span class='ocrx_word' id='word_1_112' title='bbox 261 1835 278 1878; x_wconf 90' lang='lat' dir='ltr'>a</span> <span class='ocrx_word' id='word_1_113' title='bbox 297 1823 383 1878; x_wconf 89' lang='lat' dir='ltr'>statu</span> <span class='ocrx_word' id='word_1_114' title='bbox 398 1817 529 1895; x_wconf 82' lang='lat' dir='ltr'>politic&#39;o</span> <span class='ocrx_word' id='word_1_115' title='bbox 546 1818 831 1895; x_wconf 84' lang='lat' dir='ltr'>independentem</span> <span class='ocrx_word' id='word_1_116' title='bbox 852 1840 859 1879; x_wconf 92' lang='lat'>:</span> <span class='ocrx_word' id='word_1_117' title='bbox 878 1820 950 1897; x_wconf 81' lang='lat' dir='ltr'>ojus</span> <span class='ocrx_word' id='word_1_118' title='bbox 965 1818 1038 1878; x_wconf 85' lang='lat' dir='ltr'>finis</span> <span class='ocrx_word' id='word_1_119' title='bbox 1058 1824 1109 1878; x_wconf 89' lang='lat' dir='ltr'>est</span> 
     </span>
     <span class='ocr_line' id='line_1_19' title="bbox 95 1897 1106 1974; baseline 0 -17"><span class='ocrx_word' id='word_1_120' title='bbox 95 1899 242 1974; x_wconf 87' lang='lat' dir='ltr'>superior</span> <span class='ocrx_word' id='word_1_121' title='bbox 253 1903 286 1958; x_wconf 86' lang='lat' dir='ltr'>et</span> <span class='ocrx_word' id='word_1_122' title='bbox 300 1899 455 1970; x_wconf 78' lang='lat' dir='ltr'>nobilior3</span> <span class='ocrx_word' id='word_1_123' title='bbox 470 1913 567 1972; x_wconf 89' lang='lat' dir='ltr'>porro</span> <span class='ocrx_word' id='word_1_124' title='bbox 584 1915 624 1958; x_wconf 82' lang='lat' dir='ltr'>ex</span> <span class='ocrx_word' id='word_1_125' title='bbox 634 1897 699 1958; x_wconf 89' lang='lat' dir='ltr'>fine</span> <span class='ocrx_word' id='word_1_126' title='bbox 717 1897 977 1960; x_wconf 84' lang='lat' dir='ltr'>determinantur</span> <span class='ocrx_word' id='word_1_127' title='bbox 990 1903 1106 1958; x_wconf 88' lang='lat' dir='ltr'>natura</span> 
     </span>
     <span class='ocr_line' id='line_1_20' title="bbox 96 1978 1106 2054; baseline 0.002 -18"><span class='ocrx_word' id='word_1_128' title='bbox 96 1983 128 2037; x_wconf 91' lang='lat' dir='ltr'>et</span> <span class='ocrx_word' id='word_1_129' title='bbox 140 1979 315 2039; x_wconf 85' lang='lat' dir='ltr'>relationes</span> <span class='ocrx_word' id='word_1_130' title='bbox 331 1993 447 2038; x_wconf 89' lang='lat' dir='ltr'>omnes</span> <span class='ocrx_word' id='word_1_131' title='bbox 463 1978 623 2054; x_wconf 74' lang='lat' dir='ltr'>cuiusque</span> <span class='ocrx_word' id='word_1_132' title='bbox 639 1980 810 2038; x_wconf 87' lang='lat' dir='ltr'>societatis.</span> <span class='ocrx_word' id='word_1_133' title='bbox 825 1979 984 2038; x_wconf 75' lang='lat' dir='ltr'>Preterea</span> <span class='ocrx_word' id='word_1_134' title='bbox 998 1979 1106 2038; x_wconf 89' lang='lat' dir='ltr'>Eccle-</span> 
     </span>
     <span class='ocr_line' id='line_1_21' title="bbox 95 2057 1103 2133; baseline 0 -17"><span class='ocrx_word' id='word_1_135' title='bbox 95 2059 138 2117; x_wconf 86' lang='lat' dir='ltr'>sia</span> <span class='ocrx_word' id='word_1_136' title='bbox 155 2064 206 2117; x_wconf 84' lang='lat' dir='ltr'>est</span> <span class='ocrx_word' id='word_1_137' title='bbox 219 2061 359 2118; x_wconf 89' lang='lat' dir='ltr'>societas</span> <span class='ocrx_word' id='word_1_138' title='bbox 375 2058 633 2133; x_wconf 87' lang='lat' dir='ltr'>supernaturalis</span> <span class='ocrx_word' id='word_1_139' title='bbox 655 2063 695 2117; x_wconf 88' lang='lat' dir='ltr'>et·</span> <span class='ocrx_word' id='word_1_140' title='bbox 706 2059 928 2125; x_wconf 82' lang='lat' dir='ltr'>immutabilis,</span> <span class='ocrx_word' id='word_1_141' title='bbox 947 2057 1025 2118; x_wconf 91' lang='lat' dir='ltr'>dum</span> <span class='ocrx_word' id='word_1_142' title='bbox 1051 2073 1103 2117; x_wconf 89' lang='lat' dir='ltr'>so-</span> 
     </span>
     <span class='ocr_line' id='line_1_22' title="bbox 96 2138 1103 2215; baseline 0.002 -19"><span class='ocrx_word' id='word_1_143' title='bbox 96 2141 192 2199; x_wconf 89' lang='lat' dir='ltr'>cietas</span> <span class='ocrx_word' id='word_1_144' title='bbox 208 2140 310 2200; x_wconf 83' lang='lat' dir='ltr'>civilis</span> <span class='ocrx_word' id='word_1_145' title='bbox 325 2145 374 2198; x_wconf 85' lang='lat' dir='ltr'>ost</span> <span class='ocrx_word' id='word_1_146' title='bbox 388 2138 544 2198; x_wconf 89' lang='lat' dir='ltr'>naturalis</span> <span class='ocrx_word' id='word_1_147' title='bbox 572 2142 604 2197; x_wconf 88' lang='lat' dir='ltr'>et</span> <span class='ocrx_word' id='word_1_148' title='bbox 628 2139 806 2210; x_wconf 88' lang='lat' dir='ltr'>mutabilis;</span> <span class='ocrx_word' id='word_1_149' title='bbox 824 2138 885 2199; x_wconf 87' lang='lat' dir='ltr'>sed</span> <span class='ocrx_word' id='word_1_150' title='bbox 906 2144 1103 2215; x_wconf 88' lang='lat' dir='ltr'>supernatu-</span> 
     </span>
     <span class='ocr_line' id='line_1_23' title="bbox 94 2217 1107 2295; baseline 0.003 -19"><span class='ocrx_word' id='word_1_151' title='bbox 94 2218 158 2277; x_wconf 89' lang='lat' dir='ltr'>rale</span> <span class='ocrx_word' id='word_1_152' title='bbox 174 2217 322 2295; x_wconf 85' lang='lat' dir='ltr'>profecto</span> <span class='ocrx_word' id='word_1_153' title='bbox 342 2234 409 2279; x_wconf 90' lang='lat' dir='ltr'>non</span> <span class='ocrx_word' id='word_1_154' title='bbox 430 2225 479 2277; x_wconf 91' lang='lat' dir='ltr'>est</span> <span class='ocrx_word' id='word_1_155' title='bbox 499 2220 677 2279; x_wconf 82' lang='lat' dir='ltr'>obnoxium</span> <span class='ocrx_word' id='word_1_156' title='bbox 702 2221 852 2292; x_wconf 91' lang='lat' dir='ltr'>naturali,</span> <span class='ocrx_word' id='word_1_157' title='bbox 869 2235 933 2280; x_wconf 86' lang='lat' dir='ltr'>nec</span> <span class='ocrx_word' id='word_1_158' title='bbox 952 2220 1107 2279; x_wconf 88' lang='lat' dir='ltr'>immuta-</span> 
     </span>
     <span class='ocr_line' id='line_1_24' title="bbox 94 2298 342 2368; baseline -0.008 -11"><span class='ocrx_word' id='word_1_159' title='bbox 94 2298 168 2368; x_wconf 88' lang='lat' dir='ltr'>bile,</span> <span class='ocrx_word' id='word_1_160' title='bbox 185 2298 342 2358; x_wconf 89' lang='lat' dir='ltr'>mutabili.</span> 
     </span>
    </p>

    <p class='ocr_par' dir='ltr' id='par_1_8' title="bbox 91 2378 1159 2615">
     <span class='ocr_line' id='line_1_25' title="bbox 130 2378 1103 2453; baseline 0 -16"><span class='ocrx_word' id='word_1_161' title='bbox 130 2378 175 2437; x_wconf 86' lang='lat' dir='ltr'>Ex</span> <span class='ocrx_word' id='word_1_162' title='bbox 189 2378 292 2437; x_wconf 87' lang='lat' dir='ltr'>altera</span> <span class='ocrx_word' id='word_1_163' title='bbox 309 2381 399 2451; x_wconf 91' lang='lat' dir='ltr'>parte</span> <span class='ocrx_word' id='word_1_164' title='bbox 414 2380 517 2436; x_wconf 90' lang='lat' dir='ltr'>status</span> <span class='ocrx_word' id='word_1_165' title='bbox 538 2378 703 2453; x_wconf 81' lang='lat' dir='ltr'>politicus,</span> <span class='ocrx_word' id='word_1_166' title='bbox 719 2380 753 2437; x_wconf 78' lang='grc' dir='ltr'>ιιι</span> <span class='ocrx_word' id='word_1_167' title='bbox 776 2394 833 2437; x_wconf 83' lang='lat' dir='ltr'>suo</span> <span class='ocrx_word' id='word_1_168' title='bbox 857 2380 971 2439; x_wconf 75' lang='lat' dir='ltr'>oratioe</span> <span class='ocrx_word' id='word_1_169' title='bbox 993 2394 1103 2437; x_wconf 91' lang='lat' dir='ltr'>rerum</span> 
     </span>
     <span class='ocr_line' id='line_1_26' title="bbox 91 2456 1159 2533; baseline 0.003 -18"><span class='ocrx_word' id='word_1_170' title='bbox 91 2472 179 2517; x_wconf 88' lang='lat' dir='ltr'>mere</span> <span class='ocrx_word' id='word_1_171' title='bbox 196 2458 434 2531; x_wconf 86' lang='lat' dir='ltr'>temporalium,</span> <span class='ocrx_word' id='word_1_172' title='bbox 450 2462 601 2517; x_wconf 88' lang='lat' dir='ltr'>remanet</span> <span class='ocrx_word' id='word_1_173' title='bbox 623 2456 856 2533; x_wconf 88' lang='lat' dir='ltr'>independens</span> <span class='ocrx_word' id='word_1_174' title='bbox 882 2459 922 2519; x_wconf 90' lang='lat' dir='ltr'>ab</span> <span class='ocrx_word' id='word_1_175' title='bbox 948 2459 1102 2525; x_wconf 86' lang='lat' dir='ltr'>Ecclesia,</span> <span class='ocrx_word' id='word_1_176' title='bbox 1153 2518 1159 2529; x_wconf 78' lang='grc'><strong>,</strong></span> 
     </span>
     <span class='ocr_line' id='line_1_27' title="bbox 93 2536 1102 2615; baseline 0.002 -20"><span class='ocrx_word' id='word_1_177' title='bbox 93 2536 237 2611; x_wconf 90' lang='lat' dir='ltr'>quandiu</span> <span class='ocrx_word' id='word_1_178' title='bbox 262 2536 339 2596; x_wconf 85' lang='lat' dir='ltr'>nihil</span> <span class='ocrx_word' id='word_1_179' title='bbox 369 2536 436 2613; x_wconf 83' lang='lat' dir='ltr'>agit</span> <span class='ocrx_word' id='word_1_180' title='bbox 465 2543 576 2597; x_wconf 87' lang='lat' dir='ltr'>contra</span> <span class='ocrx_word' id='word_1_181' title='bbox 603 2540 672 2613; x_wconf 81' lang='lat' dir='ltr'>ejas</span> <span class='ocrx_word' id='word_1_182' title='bbox 696 2538 929 2615; x_wconf 82' lang='lat' dir='ltr'>praerogativas</span> <span class='ocrx_word' id='word_1_183' title='bbox 958 2542 991 2597; x_wconf 93' lang='lat' dir='ltr'>et</span> <span class='ocrx_word' id='word_1_184' title='bbox 1015 2538 1102 2615; x_wconf 87' lang='lat' dir='ltr'>jura.</span> 
     </span>
    </p>
   </div>
   <div class='ocr_carea' id='block_1_6' title="bbox 93 2615 1199 2694">
    <p class='ocr_par' dir='ltr' id='par_1_9' title="bbox 93 2615 1199 2694">
     <span class='ocr_line' id='line_1_28' title="bbox 93 2615 1199 2694; baseline 0.003 -19"><span class='ocrx_word' id='word_1_185' title='bbox 93 2618 263 2693; x_wconf 82' lang='lat' dir='ltr'>Utriusque</span> <span class='ocrx_word' id='word_1_186' title='bbox 280 2618 366 2676; x_wconf 89' lang='lat' dir='ltr'>enim</span> <span class='ocrx_word' id='word_1_187' title='bbox 382 2618 548 2678; x_wconf 89' lang='lat' dir='ltr'>societatis</span> <span class='ocrx_word' id='word_1_188' title='bbox 564 2620 614 2675; x_wconf 88' lang='lat' dir='ltr'>est</span> <span class='ocrx_word' id='word_1_189' title='bbox 629 2615 780 2677; x_wconf 91' lang='lat' dir='ltr'>distincta</span> <span class='ocrx_word' id='word_1_190' title='bbox 797 2619 889 2694; x_wconf 84' lang='lat' dir='ltr'>origo</span> <span class='ocrx_word' id='word_1_191' title='bbox 913 2637 920 2676; x_wconf 77' lang='grc' dir='ltr'>ε</span> <span class='ocrx_word' id='word_1_192' title='bbox 941 2633 1005 2677; x_wconf 88' lang='lat' dir='ltr'>una</span> <span class='ocrx_word' id='word_1_193' title='bbox 1020 2623 1070 2677; x_wconf 87' lang='lat' dir='ltr'>est</span> <span class='ocrx_word' id='word_1_194' title='bbox 1086 2635 1104 2678; x_wconf 92' lang='grc'>3</span> <span class='ocrx_word' id='word_1_195' title='bbox 1197 2658 1199 2662; x_wconf 51' lang='lat'><em>2</em></span> 
     </span>
    </p>
   </div>
   <div class='ocr_carea' id='block_1_7' title="bbox 15 2696 1104 2934">
    <p class='ocr_par' dir='ltr' id='par_1_10' title="bbox 15 2696 1104 2934">
     <span class='ocr_line' id='line_1_29' title="bbox 15 2696 1102 2766; baseline 0.003 -13"><span class='ocrx_word' id='word_1_196' title='bbox 15 2758 16 2763; x_wconf 6' lang='grc' dir='ltr'>χ</span> <span class='ocrx_word' id='word_1_197' title='bbox 93 2696 169 2766; x_wconf 87' lang='lat' dir='ltr'>Deo,</span> <span class='ocrx_word' id='word_1_198' title='bbox 185 2699 223 2755; x_wconf 91' lang='lat' dir='ltr'>ul</span> <span class='ocrx_word' id='word_1_199' title='bbox 238 2700 372 2755; x_wconf 87' lang='lat' dir='ltr'>auctore</span> <span class='ocrx_word' id='word_1_200' title='bbox 387 2700 527 2766; x_wconf 76' lang='lat' dir='ltr'>natura;</span> <span class='ocrx_word' id='word_1_201' title='bbox 546 2697 647 2756; x_wconf 85' lang='lat' dir='ltr'>altera</span> <span class='ocrx_word' id='word_1_202' title='bbox 663 2713 740 2757; x_wconf 86' lang='lat' dir='ltr'>vero</span> <span class='ocrx_word' id='word_1_203' title='bbox 761 2696 952 2757; x_wconf 89' lang='lat' dir='ltr'>immediate</span> <span class='ocrx_word' id='word_1_204' title='bbox 978 2714 997 2756; x_wconf 93' lang='lat' dir='ltr'>a</span> <span class='ocrx_word' id='word_1_205' title='bbox 1021 2699 1102 2766; x_wconf 80' lang='lat' dir='ltr'>Deo,</span> 
     </span>
     <span class='ocr_line' id='line_1_30' title="bbox 15 2774 1104 2852; baseline 0.005 -19"><span class='ocrx_word' id='word_1_206' title='bbox 15 2798 16 2809; x_wconf 46' lang='grc' dir='ltr'><strong>ι</strong></span> <span class='ocrx_word' id='word_1_207' title='bbox 92 2779 127 2833; x_wconf 90' lang='lat' dir='ltr'>ut</span> <span class='ocrx_word' id='word_1_208' title='bbox 141 2780 276 2835; x_wconf 86' lang='lat' dir='ltr'>auctore</span> <span class='ocrx_word' id='word_1_209' title='bbox 294 2774 415 2835; x_wconf 89' lang='lat' dir='ltr'>ordinis</span> <span class='ocrx_word' id='word_1_210' title='bbox 431 2776 689 2852; x_wconf 89' lang='lat' dir='ltr'>supernaturalis</span> <span class='ocrx_word' id='word_1_211' title='bbox 717 2796 723 2835; x_wconf 93' lang='lat'><strong>:</strong></span> <span class='ocrx_word' id='word_1_212' title='bbox 752 2775 923 2836; x_wconf 86' lang='lat' dir='ltr'>distinctus</span> <span class='ocrx_word' id='word_1_213' title='bbox 940 2777 1037 2836; x_wconf 88' lang='lat' dir='ltr'>etiam</span> <span class='ocrx_word' id='word_1_214' title='bbox 1054 2782 1104 2838; x_wconf 88' lang='lat' dir='ltr'>est</span> 
     </span>
     <span class='ocr_line' id='line_1_31' title="bbox 15 2853 1102 2934; baseline 0.004 -21"><span class='ocrx_word' id='word_1_215' title='bbox 15 2876 16 2881; x_wconf 45' lang='lat'><strong>¹</strong></span> <span class='ocrx_word' id='word_1_216' title='bbox 91 2853 172 2923; x_wconf 85' lang='lat' dir='ltr'>finis,</span> <span class='ocrx_word' id='word_1_217' title='bbox 189 2855 266 2915; x_wconf 88' lang='lat' dir='ltr'>licet</span> <span class='ocrx_word' id='word_1_218' title='bbox 281 2856 366 2914; x_wconf 87' lang='lat' dir='ltr'>inter</span> <span class='ocrx_word' id='word_1_219' title='bbox 377 2860 553 2931; x_wconf 84' lang='lat' dir='ltr'>utrumque</span> <span class='ocrx_word' id='word_1_220' title='bbox 570 2857 713 2915; x_wconf 85' lang='lat' dir='ltr'>sitarcia</span> <span class='ocrx_word' id='word_1_221' title='bbox 731 2856 919 2934; x_wconf 86' lang='lat' dir='ltr'>conjunctio</span> <span class='ocrx_word' id='word_1_222' title='bbox 936 2855 1029 2933; x_wconf 63' lang='grc' dir='ltr'><strong>(ιιι).</strong></span> <span class='ocrx_word' id='word_1_223' title='bbox 1047 2859 1102 2917; x_wconf 88' lang='lat' dir='ltr'>So·</span> 
     </span>
    </p>
   </div>
   <div class='ocr_carea' id='block_1_8' title="bbox 92 2934 1100 3008">
    <p class='ocr_par' dir='ltr' id='par_1_11' title="bbox 92 2934 1100 3008">
     <span class='ocr_line' id='line_1_32' title="bbox 92 2934 1100 3008; baseline 0.001 -14"><span class='ocrx_word' id='word_1_224' title='bbox 92 2936 190 2995; x_wconf 87' lang='lat' dir='ltr'>cletas</span> <span class='ocrx_word' id='word_1_225' title='bbox 206 2935 304 2995; x_wconf 89' lang='lat' dir='ltr'>civilis</span> <span class='ocrx_word' id='word_1_226' title='bbox 318 2951 433 2995; x_wconf 84' lang='lat' dir='ltr'>revera</span> <span class='ocrx_word' id='word_1_227' title='bbox 449 2934 639 2995; x_wconf 87' lang='lat' dir='ltr'>facultatem</span> <span class='ocrx_word' id='word_1_228' title='bbox 660 2935 794 2995; x_wconf 86' lang='lat' dir='ltr'>habeta</span> <span class='ocrx_word' id='word_1_229' title='bbox 809 2938 891 3008; x_wconf 87' lang='lat' dir='ltr'>Dco,</span> <span class='ocrx_word' id='word_1_230' title='bbox 906 2936 939 2995; x_wconf 92' lang='lat' dir='ltr'>vi</span> <span class='ocrx_word' id='word_1_231' title='bbox 967 2942 1100 3005; x_wconf 78' lang='lat' dir='ltr'>natura,</span> 
     </span>
    </p>
   </div>
   <div class='ocr_carea' id='block_1_9' title="bbox 14 3004 1102 3207">
    <p class='ocr_par' dir='ltr' id='par_1_12' title="bbox 14 3004 1102 3171">
     <span class='ocr_line' id='line_1_33' title="bbox 14 3004 1102 3092; baseline 0.001 -19"><span class='ocrx_word' id='word_1_232' title='bbox 14 3004 17 3083; x_wconf 65' lang='grc' dir='ltr'>ἶ</span> <span class='ocrx_word' id='word_1_233' title='bbox 91 3012 252 3074; x_wconf 86' lang='lat' dir='ltr'>efficiendi</span> <span class='ocrx_word' id='word_1_234' title='bbox 277 3014 435 3092; x_wconf 90' lang='lat' dir='ltr'>quidquid</span> <span class='ocrx_word' id='word_1_235' title='bbox 465 3013 507 3073; x_wconf 89' lang='lat' dir='ltr'>ad</span> <span class='ocrx_word' id='word_1_236' title='bbox 532 3019 697 3075; x_wconf 89' lang='lat' dir='ltr'>terrenam</span> <span class='ocrx_word' id='word_1_237' title='bbox 719 3012 912 3076; x_wconf 86' lang='lat' dir='ltr'>felicitatem</span> <span class='ocrx_word' id='word_1_238' title='bbox 937 3019 1102 3076; x_wconf 85' lang='lat' dir='ltr'>sociorum</span> 
     </span>
     <span class='ocr_line' id='line_1_34' title="bbox 15 3092 1099 3207; baseline 0.002 -55"><span class='ocrx_word' id='word_1_239' title='bbox 15 3132 16 3207; x_wconf 71' lang='lat'><strong>¹</strong></span> <span class='ocrx_word' id='word_1_240' title='bbox 90 3092 225 3165; x_wconf 89' lang='lat' dir='ltr'>confert,</span> <span class='ocrx_word' id='word_1_241' title='bbox 243 3110 280 3153; x_wconf 88' lang='lat' dir='ltr'>ac</span> <span class='ocrx_word' id='word_1_242' title='bbox 297 3112 367 3169; x_wconf 85' lang='lat' dir='ltr'>pror</span> <span class='ocrx_word' id='word_1_243' title='bbox 357 3093 460 3153; x_wconf 88' lang='lat' dir='ltr'>inde</span> <span class='ocrx_word' id='word_1_244' title='bbox 447 3110 503 3170; x_wconf 78' lang='lat' dir='ltr'>Jus</span> <span class='ocrx_word' id='word_1_245' title='bbox 518 3096 633 3155; x_wconf 91' lang='lat' dir='ltr'>merito</span> <span class='ocrx_word' id='word_1_246' title='bbox 651 3095 712 3156; x_wconf 88' lang='lat' dir='ltr'>sibi</span> <span class='ocrx_word' id='word_1_247' title='bbox 725 3094 870 3156; x_wconf 87' lang='lat' dir='ltr'>vindicat</span> <span class='ocrx_word' id='word_1_248' title='bbox 858 3095 1024 3171; x_wconf 82' lang='lat' dir='ltr'>tregendi</span> <span class='ocrx_word' id='word_1_249' title='bbox 1038 3112 1099 3155; x_wconf 89' lang='lat' dir='ltr'>ne-</span> 
     </span>
    </p>
   </div>
   <div class='ocr_carea' id='block_1_10' title="bbox 15 3172 1101 3419">
    <p class='ocr_par' dir='ltr' id='par_1_13' title="bbox 15 3172 1101 3419">
     <span class='ocr_line' id='line_1_35' title="bbox 15 3172 1101 3251; baseline 0.001 -19"><span class='ocrx_word' id='word_1_250' title='bbox 15 3180 16 3197; x_wconf 67' lang='lat'>*</span> <span class='ocrx_word' id='word_1_251' title='bbox 89 3176 172 3251; x_wconf 81' lang='lat' dir='ltr'>gotia</span> <span class='ocrx_word' id='word_1_252' title='bbox 191 3173 380 3249; x_wconf 85' lang='lat' dir='ltr'>emporalra</span> <span class='ocrx_word' id='word_1_253' title='bbox 395 3176 550 3250; x_wconf 86' lang='lat' dir='ltr'>respectu</span> <span class='ocrx_word' id='word_1_254' title='bbox 564 3172 637 3235; x_wconf 88' lang='lat' dir='ltr'>fins</span> <span class='ocrx_word' id='word_1_255' title='bbox 659 3175 858 3251; x_wconf 86' lang='lat' dir='ltr'>temporalis</span> <span class='ocrx_word' id='word_1_256' title='bbox 875 3175 951 3234; x_wconf 89' lang='lat' dir='ltr'>licet</span> <span class='ocrx_word' id='word_1_257' title='bbox 940 3178 1037 3234; x_wconf 90' lang='lat' dir='ltr'>lnon</span> <span class='ocrx_word' id='word_1_258' title='bbox 1059 3176 1101 3233; x_wconf 90' lang='lat' dir='ltr'>si·</span> 
     </span>
     <span class='ocr_line' id='line_1_36' title="bbox 15 3208 1100 3331; baseline 0 -18"><span class='ocrx_word' id='word_1_259' title='bbox 15 3208 21 3286; x_wconf 96' lang='lat'><strong>¹</strong></span> <span class='ocrx_word' id='word_1_260' title='bbox 88 3269 129 3313; x_wconf 89' lang='lat' dir='ltr'>ne</span> <span class='ocrx_word' id='word_1_261' title='bbox 154 3252 371 3325; x_wconf 84' lang='lat' dir='ltr'>ordinatione,</span> <span class='ocrx_word' id='word_1_262' title='bbox 389 3254 451 3314; x_wconf 89' lang='lat' dir='ltr'>salt</span> <span class='ocrx_word' id='word_1_263' title='bbox 453 3269 506 3311; x_wconf 90' lang='lat' dir='ltr'>em</span> <span class='ocrx_word' id='word_1_264' title='bbox 530 3255 693 3331; x_wconf 81' lang='lat' dir='ltr'>negativa</span> <span class='ocrx_word' id='word_1_265' title='bbox 711 3254 753 3314; x_wconf 90' lang='lat' dir='ltr'>ad</span> <span class='ocrx_word' id='word_1_266' title='bbox 777 3256 900 3315; x_wconf 89' lang='lat' dir='ltr'>honum</span> <span class='ocrx_word' id='word_1_267' title='bbox 929 3255 1100 3329; x_wconf 88' lang='lat' dir='ltr'>spirituale</span> 
     </span>
     <span class='ocr_line' id='line_1_37' title="bbox 16 3316 1099 3419; baseline 0.002 -28"><span class='ocrx_word' id='word_1_268' title='bbox 16 3316 20 3419; x_wconf 73' lang='lat'><strong>¹</strong></span> <span class='ocrx_word' id='word_1_269' title='bbox 88 3331 300 3394; x_wconf 88' lang='lat' dir='ltr'>subditorum.</span> <span class='ocrx_word' id='word_1_270' title='bbox 317 3336 356 3391; x_wconf 90' lang='lat' dir='ltr'>At</span> <span class='ocrx_word' id='word_1_271' title='bbox 370 3349 423 3393; x_wconf 85' lang='lat' dir='ltr'>ras</span> <span class='ocrx_word' id='word_1_272' title='bbox 440 3336 638 3408; x_wconf 89' lang='lat' dir='ltr'>emporales</span> <span class='ocrx_word' id='word_1_273' title='bbox 654 3336 711 3393; x_wconf 75' lang='lat' dir='ltr'>stit</span> <span class='ocrx_word' id='word_1_274' title='bbox 726 3334 988 3407; x_wconf 77' lang='lat' dir='ltr'>rcspecafos</span> <span class='ocrx_word' id='word_1_275' title='bbox 990 3350 1099 3406; x_wconf 83' lang='lat' dir='ltr'>empo-</span> 
     </span>
    </p>
   </div>
   <div class='ocr_carea' id='block_1_11' title="bbox 89 3411 1099 3731">
    <p class='ocr_par' dir='ltr' id='par_1_14' title="bbox 89 3411 1099 3731">
     <span class='ocr_line' id='line_1_38' title="bbox 89 3411 1099 3487; baseline 0.003 -18"><span class='ocrx_word' id='word_1_276' title='bbox 89 3412 168 3472; x_wconf 82' lang='lat' dir='ltr'>rult&#39;s</span> <span class='ocrx_word' id='word_1_277' title='bbox 191 3418 268 3471; x_wconf 90' lang='lat' dir='ltr'>sunt</span> <span class='ocrx_word' id='word_1_278' title='bbox 290 3416 406 3487; x_wconf 76' lang='lat' dir='ltr'>prater</span> <span class='ocrx_word' id='word_1_279' title='bbox 429 3411 529 3472; x_wconf 86' lang='lat' dir='ltr'>finem</span> <span class='ocrx_word' id='word_1_280' title='bbox 550 3414 710 3474; x_wconf 81' lang='lat' dir='ltr'>Ecclesia</span> <span class='ocrx_word' id='word_1_281' title='bbox 729 3412 989 3473; x_wconf 80' lang='lat' dir='ltr'>Fundamentum</span> <span class='ocrx_word' id='word_1_282' title='bbox 1013 3414 1099 3472; x_wconf 89' lang='lat' dir='ltr'>enim</span> 
     </span>
     <span class='ocr_line' id='line_1_39' title="bbox 89 3489 1098 3569; baseline 0.003 -19"><span class='ocrx_word' id='word_1_283' title='bbox 89 3489 229 3552; x_wconf 87' lang='lat' dir='ltr'>facultat</span> <span class='ocrx_word' id='word_1_284' title='bbox 208 3496 248 3551; x_wconf 85' lang='lat' dir='ltr'>tis</span> <span class='ocrx_word' id='word_1_285' title='bbox 265 3492 416 3569; x_wconf 82' lang='lat' dir='ltr'>exigendi</span> <span class='ocrx_word' id='word_1_286' title='bbox 433 3492 557 3569; x_wconf 90' lang='lat' dir='ltr'>aliquid</span> <span class='ocrx_word' id='word_1_287' title='bbox 573 3510 589 3552; x_wconf 90' lang='lat' dir='ltr'>a</span> <span class='ocrx_word' id='word_1_288' title='bbox 606 3492 744 3554; x_wconf 87' lang='lat' dir='ltr'>subditis</span> <span class='ocrx_word' id='word_1_289' title='bbox 760 3494 857 3552; x_wconf 86' lang='lat' dir='ltr'>situm</span> <span class='ocrx_word' id='word_1_290' title='bbox 874 3493 970 3552; x_wconf 81' lang='lat' dir='ltr'>estin</span> <span class='ocrx_word' id='word_1_291' title='bbox 986 3509 1098 3553; x_wconf 87' lang='lat' dir='ltr'>neces·</span> 
     </span>
     <span class='ocr_line' id='line_1_40' title="bbox 89 3570 1096 3651; baseline 0.001 -20"><span class='ocrx_word' id='word_1_292' title='bbox 89 3574 170 3632; x_wconf 85' lang='lat' dir='ltr'>sario</span> <span class='ocrx_word' id='word_1_293' title='bbox 185 3575 234 3633; x_wconf 88' lang='lat' dir='ltr'>rei</span> <span class='ocrx_word' id='word_1_294' title='bbox 248 3576 415 3647; x_wconf 78' lang='lat' dir='ltr'>praecepte</span> <span class='ocrx_word' id='word_1_295' title='bbox 430 3588 519 3631; x_wconf 83' lang='lat' dir='ltr'>nexu</span> <span class='ocrx_word' id='word_1_296' title='bbox 538 3587 612 3631; x_wconf 93' lang='lat' dir='ltr'>cum</span> <span class='ocrx_word' id='word_1_297' title='bbox 632 3571 697 3632; x_wconf 88' lang='lat' dir='ltr'>fine</span> <span class='ocrx_word' id='word_1_298' title='bbox 720 3570 884 3631; x_wconf 90' lang='lat' dir='ltr'>societatis</span> <span class='ocrx_word' id='word_1_299' title='bbox 899 3570 992 3650; x_wconf 74' lang='lat'><strong>(274).</strong></span> <span class='ocrx_word' id='word_1_300' title='bbox 1011 3574 1096 3651; x_wconf 81' lang='lat' dir='ltr'>Ergo</span> 
     </span>
     <span class='ocr_line' id='line_1_41' title="bbox 89 3650 1098 3731; baseline 0.003 -20"><span class='ocrx_word' id='word_1_301' title='bbox 89 3655 188 3713; x_wconf 83' lang='lat' dir='ltr'>status</span> <span class='ocrx_word' id='word_1_302' title='bbox 202 3652 355 3727; x_wconf 91' lang='lat' dir='ltr'>politicus</span> <span class='ocrx_word' id='word_1_303' title='bbox 373 3652 405 3711; x_wconf 94' lang='lat' dir='ltr'>in</span> <span class='ocrx_word' id='word_1_304' title='bbox 425 3668 484 3711; x_wconf 89' lang='lat' dir='ltr'>suo</span> <span class='ocrx_word' id='word_1_305' title='bbox 509 3652 623 3714; x_wconf 90' lang='lat' dir='ltr'>ordine</span> <span class='ocrx_word' id='word_1_306' title='bbox 645 3657 754 3731; x_wconf 91' lang='lat' dir='ltr'>potest</span> <span class='ocrx_word' id='word_1_307' title='bbox 776 3650 841 3712; x_wconf 89' lang='lat' dir='ltr'>dici</span> <span class='ocrx_word' id='word_1_308' title='bbox 862 3652 971 3729; x_wconf 89' lang='lat' dir='ltr'>aliquo</span> <span class='ocrx_word' id='word_1_309' title='bbox 994 3667 1098 3714; x_wconf 89' lang='lat' dir='ltr'>sensu</span> 
     </span>
    </p>
   </div>
   <div class='ocr_carea' id='block_1_12' title="bbox 18 3730 544 3809">
    <p class='ocr_par' dir='ltr' id='par_1_15' title="bbox 18 3730 544 3809">
     <span class='ocr_line' id='line_1_42' title="bbox 18 3730 544 3809; baseline 0.01 -22"><span class='ocrx_word' id='word_1_310' title='bbox 18 3746 20 3787; x_wconf 83' lang='lat' dir='ltr'>J</span> <span class='ocrx_word' id='word_1_311' title='bbox 89 3730 318 3809; x_wconf 84' lang='lat' dir='ltr'>independens</span> <span class='ocrx_word' id='word_1_312' title='bbox 331 3731 370 3792; x_wconf 90' lang='lat' dir='ltr'>ab</span> <span class='ocrx_word' id='word_1_313' title='bbox 386 3730 544 3793; x_wconf 87' lang='lat' dir='ltr'>Ecclesia.</span> 
     </span>
    </p>
   </div>
   <div class='ocr_carea' id='block_1_13' title="bbox 0 0 1326 4250">
    <p class='ocr_par' dir='ltr' id='par_1_16' title="bbox 0 0 1326 4250">
     <span class='ocr_line' id='line_1_43' title="bbox 0 0 1326 4250; baseline 0 0"><span class='ocrx_word' id='word_1_314' title='bbox 0 0 1326 4250; x_wconf 95' lang='lat' dir='ltr'> </span> 
     </span>
    </p>
   </div>
  </div>
 </body>
</html>
