2642 4250
194 271 234 332 40
495 294 675 336 annvinnrun
706 284 915 340 rnico'sorntn

198 404 277 466 dum
318 403 477 481 judicium
512 404 679 482 profertur
715 407 786 470 sine
833 407 946 470 debita
989 408 1218 485 inspectione3

198 487 228 546 3⁰
258 487 482 558 inconstantia,
511 485 589 546 dum
616 492 762 549 mutatur
790 490 972 561 consilium,
1010 492 1080 549 sine
1115 505 1222 550 causa

198 563 385 637 sufficienti;
402 567 433 626 4⁰
456 567 663 642 neptipontin,
679 568 814 644 quando
831 569 1018 630 executioni
1038 585 1106 630 non
1120 585 1217 630 man·
1317 590 1319 599 ·

200 645 294 706 datur
303 662 356 706 res
367 650 496 706 mature
512 647 695 707 deliberata
711 653 744 708 et
750 649 917 726 judicata.

157 773 159 778 ,
237 727 300 786 Per
319 742 491 786 excessum
515 730 672 802 peccatur
698 733 814 789 contra
833 729 1056 806 prudentiam,
1082 725 1221 804 quando
1317 758 1319 767 ·

200 809 284 884 quis,
303 809 413 882 specie
430 810 463 865 et
477 805 620 882 imagine
636 806 826 882 prudentiae,
838 808 950 869 media
961 813 1037 885 apte
1055 806 1225 884 disposuit
1317 810 1319 831 ²

200 887 242 948 ad
255 885 356 946 finem
369 902 519 961 pravum.
536 887 619 946 iilud
637 888 723 946 enim
739 902 846 966 genus
861 889 1043 966 prudentia
1059 903 1221 966 sagacem

201 966 406 1044 agendorum
439 965 583 1026 notitiam
614 965 768 1043 importat
803 974 836 1028 et
863 973 1002 1039 rectam,
1036 968 1155 1028 saltem
1184 969 1223 1027 in
1317 968 1319 1027 ἒ

201 1047 316 1108 ordine
342 1045 384 1105 ad
409 1052 555 1121 optatum
578 1043 691 1117 finem,
717 1048 900 1108 mediorum
928 1047 1175 1123 dispositionem
1211 1066 1219 1106 :
1317 1068 1319 1115 ς

202 1126 262 1187 sed
279 1141 416 1203 pravum
430 1124 692 1192 finemintendit.
704 1127 785 1188 Vitia
798 1145 881 1207 ergo
892 1127 962 1206 qua
972 1141 1222 1205 perexoessum
1317 1134 1319 1185 ἱ

201 1210 341 1284 peccant
364 1210 476 1266 cotitra
501 1207 722 1280 prudentiam,
748 1212 824 1268 sunt
853 1213 881 1269 l¹
903 1209 1076 1284 praecientia
1097 1208 1222 1274 connis,
1317 1212 1319 1255 ἱ

203 1302 268 1365 qua
301 1286 373 1362 quis
394 1285 558 1362 excogitat
580 1284 691 1345 media
715 1285 835 1348 idenea
862 1287 904 1348 ad
926 1302 1027 1363 opera
1049 1284 1223 1346 mundana
1317 1284 1319 1287 ’

116 1366 118 1371 ’
203 1384 265 1428 seu
289 1367 394 1425 carnis
409 1362 623 1440 complenda;
646 1373 677 1426 v.
702 1382 749 1444 g.,
776 1367 819 1428 ad
837 1368 995 1439 honores,
1011 1365 1053 1426 ad
1077 1365 1222 1435 divitiae,
1317 1364 1319 1377 ²

204 1453 281 1515 ete,
303 1448 337 1505 2⁰
360 1447 486 1513 nstntin,
512 1459 587 1519 quae
614 1451 664 1506 est
683 1446 797 1508 notitia
819 1453 853 1508 et
874 1448 1012 1508 affectus
1033 1445 1220 1506 mediorum

202 1525 338 1588 faitendi
355 1523 561 1591 idoneorum,
589 1522 621 1580 3⁰
642 1527 739 1599 frons
760 1533 789 1585 ct
813 1529 917 1600 dotus,
939 1531 995 1604 qui
1021 1531 1071 1586 est
1094 1527 1225 1586 astutiae
1317 1594 1319 1601 Ι

207 1607 357 1666 executio
372 1604 405 1664 in
419 1602 513 1664 iactis
527 1607 559 1661 et
573 1604 697 1664 verbis
1317 1606 1319 1615 ·

195 1685 198 1694 ’
245 1687 295 1746 73.
317 1685 392 1743 -11.
417 1685 462 1742 [tr
479 1699 650 1743 inrusrirn.
669 1685 826 1764 injustitia
841 1685 925 1744 sumi
939 1688 1117 1760 potestpro
1131 1683 1226 1743 omni
1317 1694 1319 1701 ·

204 1764 380 1827 violatione
402 1762 569 1840 aequitatis,
588 1767 648 1822 aut
661 1781 721 1840 pro
741 1766 816 1825 viiio
836 1765 994 1842 peculiari
1014 1763 1102 1840 quod
1118 1779 1227 1839 oppo-

204 1847 291 1907 nitur
307 1844 439 1922 justitiae
460 1839 665 1919 particulari;
684 1848 771 1906 etin
790 1846 853 1904 hoc
875 1860 976 1904 sensu
997 1845 1048 1906 hic
1069 1845 1223 1902 sumitur.
1317 1856 1319 1875 ³

219 1935 220 1940 ’
245 1928 300 1986 Est
311 1929 421 2000 itaque
436 1921 566 1982 habitus
583 1923 760 1985 voluntatis
773 1925 883 1985 virtuti
893 1924 1023 2002 justitiae
1038 1921 1225 2000 oppositate,
1317 1980 1319 2001 Ι

207 2021 248 2065 ex
269 2005 397 2081 iniustis
423 2004 548 2062 actibus
573 2004 769 2080 acquisitus;
795 2020 874 2081 ergo
901 2004 1031 2078 species
1058 2002 1228 2080 injustitia
1317 2022 1319 2083 ᾖ

207 2084 467 2146 determinantur
491 2099 551 2159 per
574 2083 664 2157 ipsas
691 2086 822 2161 species
837 2083 981 2163 justitiae.
1003 2081 1068 2143 Sed
1087 2079 1227 2160 quando
1317 2090 1319 2158 ξ

206 2165 431 2226 consideratur
451 2161 585 2239 speciali
603 2166 706 2226 modo
721 2166 754 2225 in
769 2166 901 2226 homine
917 2164 972 2240 qui
987 2179 1087 2239 prave
1111 2162 1224 2223 deter·
1317 2199 1319 2236 ÷

205 2246 348 2306 minatur
378 2243 419 2303 ad
446 2240 641 2319 rapiendum
681 2246 773 2305 atteri
801 2244 891 2321 quod
924 2259 1017 2303 suum
1047 2248 1106 2315 est,
1140 2240 1227 2303 iliud
1317 2271 1319 2322 i

205 2327 321 2386 vitium
337 2323 465 2383 diversa
480 2322 596 2398 accipit
610 2325 755 2398 nomina,
770 2324 865 2402 juxta
882 2322 1100 2394 diversitatem
1114 2322 1229 2381 hono-

204 2421 278 2465 rum
292 2404 323 2464 in
339 2404 458 2480 quibus
477 2403 573 2462 horno
595 2402 738 2479 injustus
757 2404 842 2464 laedit
858 2405 1048 2479 proximum.
1067 2401 1227 2479 injustitia

208 2489 320 2545 contra
345 2484 462 2543 bonnm
484 2483 624 2556 sorinna’
659 2485 775 2545 dicitur
800 2483 934 2553 furtum,
970 2486 1082 2542 contra
1102 2483 1226 2541 bonnnt
1317 2547 1319 2560 ε

207 2565 352 2639 corporis
373 2565 423 2622 est
444 2560 666 2631 homicidium,
691 2564 861 2629 mutilatio,
887 2570 1034 2638 stuprum
1055 2565 1112 2620 aut
1131 2559 1226 2619 adui-

207 2648 340 2709 terium;
360 2644 471 2701 contra
486 2641 573 2701 bona
588 2642 721 2704 nonoris
744 2651 773 2703 et
786 2646 885 2718 forna
899 2647 949 2701 est
964 2642 1138 2710 detractio;
1160 2639 1227 2699 sed
1317 2663 1319 2678 =

207 2726 274 2785 istae
291 2721 573 2782 denominationes
592 2723 700 2795 potius
721 2729 815 2783 actus
835 2738 895 2782 seu
916 2726 1053 2798 peccata
1077 2719 1227 2780 indicant
1317 2756 1319 2772 ,

209 2818 307 2879 quam
322 2801 450 2860 habitus
470 2817 530 2860 seu
544 2800 632 2861 vitia.
686 2865 687 2868 Ἴ
1317 2863 1319 2874 Ι

248 2883 298 2942 74.
315 2914 353 2922 -
369 2881 419 2941 itt.
434 2882 480 2939 Dr
494 2899 737 2942 rnrnnmnmrn.
764 2882 844 2943 Cum
860 2879 1077 2955 temperantia
1097 2880 1226 2955 appeti·
1317 2913 1319 2946 2

208 2966 274 3021 tum
283 2961 470 3021 moderetur
485 2961 568 3019 circa
583 2963 770 3037 voluptates
780 2961 966 3036 corporales
981 2964 1099 3037 gustus
1110 2962 1143 3017 et
1157 2960 1225 3017 tac·
1317 2963 1319 3008 i

207 3046 272 3108 tus,
289 3044 380 3117 patet
400 3040 687 3115 intemperantiam
704 3056 876 3103 excessum
890 3041 1067 3115 importare
1082 3038 1117 3098 in
1132 3037 1227 3117 eJ'us-

207 3120 297 3180 modi
311 3120 544 3196 voluptatibus

250 3198 503 3275 intemperantia
530 3200 563 3258 in
598 3204 698 3276 gustu
728 3203 940 3276 nuncupatur
973 3198 1054 3275 poio
1089 3194 1224 3275 quando
1317 3205 1319 3272 j

208 3280 384 3356 opponitur
409 3278 620 3349 abstinentia,
647 3280 786 3340 ebriatus
811 3279 889 3340 dum
913 3278 1079 3339 sobrietati
1108 3274 1225 3336 adver-

208 3365 314 3435 satur;
339 3358 591 3436 intemperantia
604 3358 637 3417 in
649 3363 739 3419 tactu
753 3359 1049 3424 tonariovocatur.

247 3440 299 3501 75.
324 3473 362 3483 ·-
385 3442 434 3501 lV.
462 3442 543 3501 Vitio
567 3454 642 3515 quae
671 3438 853 3500 fortitudini
876 3437 964 3499 varie
996 3437 1221 3515 opponuntur,

208 3522 285 3580 sunt
303 3522 527 3595 praenotatio,
544 3534 604 3578 seu
618 3517 715 3579 nimia
730 3534 864 3579 suarum
878 3520 995 3578 virium
1011 3514 1223 3585 confidentia,
1317 3555 1319 3574 2

122 3652 124 3663 i
209 3600 357 3673 ambitio,
375 3616 433 3659 seu
444 3598 648 3659 inordinatus
664 3600 828 3674 appetitus
842 3598 985 3668 honoria,
996 3614 1087 3657 *oona
1100 3594 1221 3670 plocio,

210 3684 347 3755 quaeest
360 3680 545 3740 inordinata
567 3677 687 3754 cupido
703 3678 796 3738 fama
816 3682 849 3737 et
866 3677 986 3747 laudis,
1007 3692 1049 3737 ex
1064 3688 1129 3752 qua
1143 3689 1220 3734 nas·
1317 3708 1319 3746 ;

6 3764 21 3769 '‘
210 3764 328 3819 cuntur
340 3759 513 3835 jactantia,
528 3758 717 3837 hypocrisis,
739 3759 937 3832 pertinacia,
956 3761 1021 3817 eto.
