2642 4250
425 316 529 360 nrurca
550 315 707 360 sororius.
1020 297 1075 358 ll3

71 434 166 504 mani;
203 433 233 492 2⁰
258 430 442 510 respondet
464 431 712 493 conformationi
742 431 811 492 sive
846 430 1078 512 physiologice

71 515 132 574 sive
148 512 257 572 morali
272 514 444 590 utriusque
459 527 569 572 sexus,
593 514 677 590 Ergo
694 515 744 573 est
759 510 926 572 conforme
942 512 1073 573 ordina-

72 594 145 655 tioni
161 591 282 662 divina,
307 608 368 653 seu
390 597 440 652 est
462 591 648 652 honestum.

71 725 135 786 tot.
148 757 184 767 -
206 725 313 784 Tarsis
327 725 364 784 ll.
382 725 627 784 Matrimonium
641 725 781 800 requirit
795 730 944 785 mutuum
958 724 1075 800 couJ'u-

108 820 183 880 quur
199 803 409 864 ditectionem.

108 943 272 1005 Probatur.
291 941 434 1004 Societas
451 943 631 1022 conjugalis
646 947 681 1003 in
697 961 736 1004 eo
759 943 904 1004 consistit
926 942 1014 1020 quod
1036 958 1078 1002 ex

78 1023 194 1084 duabus
218 1024 369 1100 personis
389 1024 551 1094 humanis,
573 1040 632 1084 seu
653 1025 783 1084 entibus
804 1023 989 1094 moralibus
1011 1039 1078 1082 una

76 1105 168 1165 veluti
181 1101 376 1179 perficiatur;
394 1104 484 1180 atqui
496 1103 529 1162 id
544 1108 692 1164 mutuam
703 1102 948 1180 perfectamque
965 1104 1075 1163 amici-

79 1186 148 1244 tiam
162 1182 331 1243 evidenter
344 1186 492 1260 requiris
512 1185 599 1243 entia
612 1186 699 1244 enim
710 1183 853 1250 moralia,
868 1200 932 1260 qua
943 1183 1077 1242 moralia

80 1271 155 1334 sunt,
170 1263 300 1324 nonnisi
316 1262 489 1323 dilectione
506 1264 643 1323 invicem
661 1263 875 1333 attrahuntur,
893 1268 925 1322 et
935 1266 1009 1322 actu
1024 1279 1081 1323 vo·

81 1342 199 1404 luntatis
212 1342 258 1402 ita
274 1344 419 1419 copulari
432 1352 581 1420 possunt,
598 1351 635 1404 ut
648 1359 713 1403 una
727 1359 870 1419 persona
890 1342 1032 1412 moralis
1051 1341 1081 1400 vi

82 1424 169 1501 hujus
182 1423 316 1490 vinculi,
339 1427 512 1482 enascatur
532 1439 572 1483 ex
591 1424 739 1498 pluribus
754 1424 904 1500 personis
923 1424 1080 1500 physicis.

82 1506 154 1580 Ergo
184 1503 421 1563 matrimonium
446 1502 616 1563 evidenter
645 1505 784 1580 requirit
808 1508 952 1563 mutuam
983 1501 1081 1561 dilec-

84 1585 206 1643 tionem.

117 1661 181 1722 205.
203 1696 241 1704 —
267 1660 435 1720 Sotiatium
455 1661 477 1720 l.
499 1661 570 1721 llaec
590 1660 721 1722 dilectio
743 1677 811 1721 non
831 1666 897 1721 tam
911 1664 1084 1720 venustate

88 1742 219 1817 corporis
246 1755 341 1816 (luam
366 1742 477 1801 anime
504 1742 645 1801 concleri
667 1740 780 1810 debet;
803 1757 900 1801 secus
920 1757 937 1800 a
957 1741 1084 1800 ratione

87 1819 277 1883 nullomodo
296 1818 469 1895 penderet,
492 1821 552 1879 sed
572 1822 728 1881 instinctu
750 1821 891 1898 quodam
908 1821 1082 1898 ingenera-

88 1905 177 1962 retur.

121 1978 285 2041 Setoiiuru
313 1979 348 2037 ll.
375 1977 464 2038 Licet
490 1979 729 2040 matrimonium
759 1980 799 2040 sit
822 1981 1010 2051 honesturn,
1037 1983 1082 2038 ta·

89 2073 155 2120 men
178 2057 346 2131 celibatu,
369 2057 494 2117 virtutis
518 2075 628 2119 amore
644 2065 812 2137 suscepto,
837 2063 971 2120 nonest
990 2063 1084 2118 ante·

90 2138 278 2217 ponendum,
294 2140 471 2215 presertim
486 2144 561 2215 post
571 2156 678 2218 genus
691 2142 868 2201 humanum
879 2141 957 2201 satis
972 2154 1089 2215 propa-

90 2226 200 2299 gatum.
221 2219 348 2279 Etenim
371 2221 425 2295 qui
447 2218 597 2279 libertate
618 2223 703 2281 circa
720 2223 848 2297 privatae
865 2224 933 2282 vitae
949 2216 1089 2294 disposi-

92 2304 203 2359 tionem
215 2299 317 2359 utitur
331 2296 372 2358 ad
385 2300 538 2359 virtutem
549 2300 668 2360 eximio
681 2300 779 2362 modo
791 2299 1017 2366 excolendam,
1034 2298 1094 2373 qui

93 2396 176 2439 suum
192 2393 310 2453 corpus
324 2380 366 2438 ita
379 2379 503 2453 spiritui
520 2380 679 2440 submittit
693 2385 730 2441 ut
743 2383 840 2442 vitam
860 2382 953 2457 quasi
968 2377 1090 2454 angeli·

95 2475 156 2519 cam
172 2458 279 2523 ducat,
297 2459 353 2533 qui
369 2456 546 2519 commodis
563 2460 708 2538 conjugii
720 2460 875 2535 ualedicit
893 2467 929 2520 ut
948 2458 989 2519 ah
1009 2457 1094 2516 illius

95 2544 186 2599 status
204 2536 361 2597 oneribus
379 2552 445 2597 non
465 2544 620 2615 gravetur
640 2557 715 2600 cum
737 2540 932 2602 detrimento
955 2536 1092 2608 virtutiS,

96 2621 236 2678 estcerto
256 2615 453 2685 laudandus,
475 2618 637 2695 siquidem
658 2620 745 2681 nulla
766 2620 921 2696 obligatio
941 2616 1092 2679 nubendi

97 2712 285 2775 quemquam
301 2695 516 2757 determinate
527 2698 615 2776 ligat.
1064 2751 1066 2754 .

129 2776 194 2839 206.
212 2810 250 2819 -
265 2776 501 2837 Matrimonium
516 2777 711 2855 novaelegis,
723 2777 1091 2840 interfidelescontrac·

99 2862 167 2928 tum,
184 2862 234 2917 est
253 2870 331 2917 vere
352 2862 384 2915 et
403 2856 534 2933 proprie
549 2863 792 2918 sacromentum
810 2880 820 2917 .·
839 2858 985 2918 Christus
1005 2856 1094 2915 enim

98 2939 290 2997 contractum
307 2935 493 2995 naturalem
514 2952 578 3013 quo
600 2938 809 2997 constituitur
823 2939 962 2999 societas
977 2935 1092 3013 conju-

97 3016 168 3095 galis
184 3017 293 3076 evexit
308 3014 351 3075 ad
365 3019 486 3075 statum
506 3021 539 3075 et
559 3015 751 3093 dignitatem
768 3021 974 3090 sacramenti,
995 3016 1041 3075 ita
1059 3016 1097 3073 ut

98 3100 274 3157 contractus
288 3096 342 3155 ille
356 3096 582 3171 inseparabilis
598 3097 696 3173 plane
713 3097 830 3158 evadat
844 3098 884 3157 ah
899 3102 970 3176 ipso
986 3110 1095 3155 sacra·

97 3179 197 3235 mento
208 3174 262 3253 (l),
275 3180 307 3235 et
318 3174 347 3234 ei
359 3177 537 3235 contractui
548 3175 789 3237 deditChristus
798 3180 949 3239 virtutem
961 3170 1100 3237 sanctifi·

100 3254 183 3315 candi
198 3255 430 3322 contrahentes
444 3254 505 3315 rite
523 3254 707 3333 dispositos.

135 3336 244 3411 ltaque
260 3332 377 3395 fideles
396 3334 548 3412 baptizati
567 3337 805 3396 matrimonium
828 3334 1020 3399 contrahere
1042 3346 1102 3392 ne·

104 3420 220 3492 qucum
235 3413 326 3491 quod
340 3429 453 3473 verum
467 3416 508 3474 sit
522 3430 558 3475 ao
570 3414 713 3475 validum
722 3417 755 3475 in
764 3416 889 3476 ratione
905 3416 1106 3487 contractus,

36 3554 37 3557 ,
105 3501 133 3555 et
147 3500 256 3555 tamen
270 3494 431 3555 rationem
445 3495 641 3555 sacramenti
656 3511 724 3558 non
738 3496 860 3556 haheat
875 3492 929 3575 (2).

36 3570 39 3639 t

37 3652 39 3669 t
132 3617 164 3680 11)
176 3618 238 3683 Syll.
257 3618 493 3683 Prop.nxv‚1.xvu

134 3716 164 3779 (2)
179 3715 241 3780 Syll.
256 3716 335 3781 Prop.
346 3730 436 3765 nxxur.

416 3792 498 3846 Burs.
512 3794 586 3847 Pan..
600 3796 630 3847 Τ.
647 3796 692 3847 ΙΠ.
705 3823 736 3836 -
749 3796 775 3847 8.
