2642 4250
455 345 564 389 armus
585 343 741 389 sanemus.
1068 325 1107 390 91

89 464 231 536 spectat,
251 458 359 522 officio
382 474 462 532 erga
482 460 563 520 alios
581 460 732 520 homines
752 460 874 540 ligatur
890 458 945 519 ille
967 459 1034 535 qui,
1051 475 1108 520 vo·

88 541 218 602 luntale
237 541 371 616 propria
391 548 445 600 aut
460 541 628 601 voluntate
643 540 781 600 aliorum
796 539 978 610 hominum,
994 554 1110 599 susce-

89 623 143 697 pit
156 621 231 682 illud
244 621 473 682 ministerium.
1004 646 1007 652 Δ

301 752 334 800 11.
349 751 387 802 De
401 747 491 798 officiis
505 748 538 798 ad
554 748 708 797 voluntatem
723 747 905 810 spectantibus.

139 863 203 925 164.
221 897 260 906 -
274 865 360 926 Finis
375 863 565 941 adaequatus
587 864 762 925 1313313113
789 869 840 923 331
860 879 1022 923 summurn
1050 861 1110 922 bo-

92 959 182 1014 num,
219 959 280 1004 seu
315 946 403 1004 Deus
431 946 492 1005 sub
520 946 648 1004 ratione
676 945 773 1012 boni;
802 949 1004 1021 quapropter
1030 941 1112 1003 ordo

93 1028 216 1084 naturae
232 1026 379 1100 postulat
396 1030 432 1090 ut
450 1025 602 1086 voluntas
624 1039 660 1084 se
683 1022 815 1084 assidue
838 1022 955 1100 dirigat
978 1037 1110 1098 promo·

93 1107 237 1179 veatque
269 1102 313 1163 ad
339 1103 437 1181 liujus
467 1105 545 1166 boni
576 1103 799 1179 adeptionem.
833 1103 997 1181 Praeterea
1023 1101 1115 1162 idem

95 1183 176 1243 ordo
201 1187 324 1244 naturae
356 1184 497 1260 exquirit
517 1189 551 1244 ul
575 1184 609 1242 in
630 1184 730 1243 rebus
756 1182 931 1258 diligendis
963 1180 1115 1241 ordinem

99 1262 300 1323 excellentia
324 1269 357 1324 31
380 1264 546 1342 dignitatis
567 1279 736 1324 servemus
760 1281 767 1322 :
792 1261 892 1323 dietat
913 1264 1002 1322 enim
1023 1265 1115 1321 reeta

98 1343 179 1404 ratio
197 1343 349 1403 eumdem
371 1345 479 1404 locum
501 1347 534 1404 in
556 1349 666 1402 nostra
691 1342 867 1402 dilectione
883 1344 983 1403 rebus
1000 1340 1115 1412 deberi

98 1439 200 1500 quem
221 1423 347 1483 habent
367 1425 400 1483 in
420 1428 533 1485 nostra
555 1421 806 1482 existimatione.
831 1421 897 1482 Sed
917 1423 1004 1481 Deus
1025 1425 1113 1480 oerto

100 1508 150 1563 est
169 1502 401 1582 superssomnia
426 1503 487 1563 alia
508 1505 596 1563 bona
621 1503 780 1574 amabilis,
806 1518 876 1578 qua
901 1499 1061 1579 dignitate
1085 1504 1117 1560 et

99 1584 297 1644 excellentia
318 1581 443 1644 infinite
465 1584 703 1658 supereminet.

138 1663 225 1742 Ergo
243 1664 273 1723 10
288 1665 420 1723 minime
435 1661 571 1724 dubium
587 1668 636 1721 est
651 1662 730 1738 quin
741 1660 817 1738 jure
833 1665 954 1720 naturae
969 1660 1119 1720 voluntas

100 1744 208 1802 Deum
223 1757 293 1817 prae
317 1744 468 1803 omnibus
482 1743 577 1802 bonis
593 1740 715 1801 debeat
730 1742 898 1818 prosequi.

140 1823 174 1882 2⁰
193 1820 399 1883 Manifestum
417 1827 466 1882 331
482 1824 578 1882 etiam
599 1822 802 1882 voluntatem
823 1825 939 1880 caetera
961 1817 1049 1878 bona
1064 1832 1120 1893 ap-

100 1906 220 1978 petere
236 1906 269 1961 31
284 1901 466 1963 consectari
481 1918 548 1961 non
558 1917 669 1978 posse,
685 1901 748 1961 nisi
763 1904 926 1977 quatenus
941 1902 998 1959 aut
1004 1897 1123 1976 juvant

102 1980 148 2042 ad
178 1981 392 2057 adeptionem
421 1985 567 2058 supremi
600 1979 678 2041 boni
706 1985 762 2040 aut
784 1980 898 2039 saltem
920 1994 981 2038 nos
1002 1978 1043 2038 ab
1064 1976 1119 2038 illo

101 2061 335 2124 summobono
352 2077 418 2122 non
429 2065 578 2122 3133331.
596 2061 628 2120 Si
643 2061 737 2120 aliter
751 2063 943 2137 operaretur
955 2057 1121 2126 13133133,
1172 2093 1174 2097 «

101 2146 214 2218 ipsum
236 2144 387 2202 ordinem
408 2149 534 2203 naturae
565 2142 752 2201 convellere
779 2141 949 2210 niteretur,
975 2137 1121 2214 ideoque

104 2226 196 2282 esset
216 2238 385 2297 perversa,
408 2223 534 2282 sollroet
568 2220 610 2280 de
638 2220 780 2281 naturali
815 2224 848 2280 et
874 2224 965 2280 recto
993 2219 1122 2279 tramite

105 2301 249 2375 deflexa,
273 2307 306 2362 et
328 2304 369 2363 ab
392 2303 586 2381 obligatorla
605 2300 729 2377 agendi
750 2316 865 2359 norma
886 2312 1012 2360 aversa.

147 2384 179 2443 3⁰
202 2380 281 2441 lnde
306 2384 405 2443 etiam
426 2382 591 2457 colligitur
613 2381 703 2457 quod
719 2380 745 2439 si
760 2380 909 2439 voluntas
923 2381 1048 2439 bonum
1063 2374 1121 2433 ali-

105 2460 199 2531 quod
216 2460 257 2521 de
281 2478 317 2522 se
335 2463 455 2539 juvans
479 2462 521 2521 ad
546 2462 692 2535 supremi
713 2460 792 2521 boni
813 2459 1025 2533 adeptionem
1046 2469 1125 2530 pro-

105 2545 307 2618 sequeretur
320 2547 455 2619 propter
468 2542 629 2600 motivum
650 2539 785 2616 aliquod
800 2541 985 2599 aversivum
1007 2537 1047 2595 ab
1069 2533 1125 2593 1113

106 2637 238 2681 summo
254 2622 355 2691 bono,
373 2624 471 2681 etiam
486 2636 641 2697 perverse
657 2624 861 2695 operaretur,
874 2620 989 2692 utpote
1002 2616 1127 2675 bonum

106 2700 238 2761 finitum
260 2718 298 2761 ae
320 2701 483 2761 interibile
506 2701 606 2776 pluris
627 2698 752 2762 1331333
782 2714 881 2775 quam
903 2698 1028 2757 bonum
1051 2690 1124 2754 infi-

107 2783 215 2841 nitum
239 2786 272 2841 31
294 2782 469 2841 essentiale
487 2800 493 2838 :
511 2785 599 2841 esset
615 2796 695 2854 ergo
711 2782 804 2840 actus
824 2776 999 2839 voluntatis
1016 2776 1130 2833 eontra

109 2876 262 2921 normam
283 2865 383 2921 rectae
405 2862 550 2920 rationis.

152 2942 255 3019 lgitur
276 2941 427 3002 voluntas
457 2940 557 2999 debet
587 2941 615 2998 10
643 2936 791 2998 33113333
813 2951 889 2995 3333
911 2933 954 2993 ad
977 2932 1129 2991 ultimum

109 3018 213 3081 finem
228 3020 361 3081 assidue
375 3022 511 3091 reterre,
535 3020 566 3079 2⁰
582 3015 743 3094 quidquid
758 3017 798 3076 ab
813 3017 868 3076 illo
883 3012 949 3073 fine
965 3011 1131 3072 averteret

110 3098 290 3177 repellere,
307 3102 338 3160 30
352 3103 473 3161 motiva
494 3103 594 3170 reeta,
612 3112 736 3171 nempe
757 3112 823 3156 non
846 3094 991 3155 eversiva
1007 3090 1131 3150 ordinis

112 3184 253 3251 naturae,
279 3181 342 3241 sibi
364 3194 550 3256 proponere
575 3180 608 3238 in
627 3176 771 3255 agendo,
796 3176 828 3234 40
854 3169 1130 3247 concupiscentiae
1226 3190 1228 3192 >

113 3262 155 3321 ab
171 3260 299 3321 bonum
310 3260 464 3321 sensibile
482 3258 674 3320 deordinate
691 3254 858 3315 inclinanti
879 3252 1008 3313 frenum
1023 3252 1130 3325 impo-

114 3356 209 3411 nere,
252 3338 398 3417 ideoque
427 3336 661 3417 quodcumque
685 3352 745 3395 nos
766 3336 885 3395 misere
916 3330 1079 3409 defigeret
1099 3330 1134 3389 in

114 3421 203 3480 bono
226 3418 385 3489 sensibili,
407 3420 453 3479 illi
474 3416 674 3479 subducere.

158 3500 226 3561 165.
251 3532 290 3547 ν-
311 3502 407 3577 Juxta
423 3498 583 3568 Kantium
601 3512 668 3556 non
690 3494 752 3554 alio
773 3491 897 3551 motivo
920 3487 1135 3549 determinari

118 3580 258 3649 deberet
278 3579 429 3640 voluntas
460 3576 502 3637 ad
534 3574 703 3655 agendum
738 3573 800 3632 nisi
834 3585 875 3630 ex
909 3569 978 3629 3313
1015 3567 1136 3629 1313113

117 3658 338 3720 observantiae
349 3660 460 3737 legum
479 3676 486 3717 :
502 3659 659 3717 motivum
675 3652 762 3713 enim
776 3649 951 3713 1313313113
965 3663 1032 3709 333
1046 3648 1137 3739 esset

114 3756 241 3815 porum
254 3741 319 3801 nisi
333 3740 374 3801 sit
386 3742 458 3815 ipso
472 3738 551 3813 lepis
562 3736 774 3806 observantia,
787 3730 877 3792 nulla
886 3729 998 3789 habita
1007 3731 1136 3788 ratione
1237 3798 1240 3800 Α
