<?xml version="1.0" encoding="UTF-8"?>
<!DOCTYPE html PUBLIC "-//W3C//DTD XHTML 1.0 Transitional//EN"
    "http://www.w3.org/TR/xhtml1/DTD/xhtml1-transitional.dtd">
<html xmlns="http://www.w3.org/1999/xhtml" xml:lang="en" lang="en">
 <head>
  <title>
</title>
<meta http-equiv="Content-Type" content="text/html;charset=utf-8" />
  <meta name='ocr-system' content='tesseract 3.04.00' />
  <meta name='ocr-capabilities' content='ocr_page ocr_carea ocr_par ocr_line ocrx_word'/>
</head>
<body>
  <div class='ocr_page' id='page_1' title='image "./brevariumphilos00grangoog_0059.png"; bbox 0 0 2642 4250; ppageno 0'>
   <div class='ocr_carea' id='block_1_1' title="bbox 435 225 1191 290">
    <p class='ocr_par' dir='ltr' id='par_1_1' title="bbox 435 225 1191 290">
     <span class='ocr_line' id='line_1_1' title="bbox 435 225 1191 290; baseline -0.003 -2"><span class='ocrx_word' id='word_1_1' title='bbox 435 247 538 290; x_wconf 78' lang='grc'><strong>1111111</strong></span> <span class='ocrx_word' id='word_1_2' title='bbox 559 245 730 290; x_wconf 74' lang='lat' dir='ltr'>crassaris</span> <span class='ocrx_word' id='word_1_3' title='bbox 1054 225 1094 287; x_wconf 76' lang='lat'>47</span> <span class='ocrx_word' id='word_1_4' title='bbox 1187 261 1191 268; x_wconf 90' lang='lat'><em>-</em></span> 
     </span>
    </p>
   </div>
   <div class='ocr_carea' id='block_1_2' title="bbox 76 355 1093 440">
    <p class='ocr_par' dir='ltr' id='par_1_2' title="bbox 76 355 1093 440">
     <span class='ocr_line' id='line_1_2' title="bbox 76 355 1093 440; baseline 0 -17"><span class='ocrx_word' id='word_1_5' title='bbox 76 362 170 440; x_wconf 85' lang='grc'><strong>314);</strong></span> <span class='ocrx_word' id='word_1_6' title='bbox 195 370 228 422; x_wconf 90' lang='grc'>11</span> <span class='ocrx_word' id='word_1_7' title='bbox 249 361 336 421; x_wconf 93' lang='lat' dir='ltr'>illam</span> <span class='ocrx_word' id='word_1_8' title='bbox 360 360 526 438; x_wconf 80' lang='lat' dir='ltr'>declinare</span> <span class='ocrx_word' id='word_1_9' title='bbox 548 361 639 422; x_wconf 88' lang='lat' dir='ltr'>velle·</span> <span class='ocrx_word' id='word_1_10' title='bbox 654 360 745 422; x_wconf 90' lang='lat' dir='ltr'>idem</span> <span class='ocrx_word' id='word_1_11' title='bbox 779 367 829 421; x_wconf 87' lang='lat' dir='ltr'>est</span> <span class='ocrx_word' id='word_1_12' title='bbox 851 376 890 420; x_wconf 87' lang='lat' dir='ltr'>ao</span> <span class='ocrx_word' id='word_1_13' title='bbox 923 355 1093 423; x_wconf 87' lang='lat' dir='ltr'>notionem</span> 
     </span>
    </p>
   </div>
   <div class='ocr_carea' id='block_1_3' title="bbox 68 439 1134 2835">
    <p class='ocr_par' dir='ltr' id='par_1_3' title="bbox 73 439 1092 833">
     <span class='ocr_line' id='line_1_3' title="bbox 76 439 1092 520; baseline -0.004 -17"><span class='ocrx_word' id='word_1_14' title='bbox 76 445 185 503; x_wconf 88' lang='lat' dir='ltr'>omnis</span> <span class='ocrx_word' id='word_1_15' title='bbox 206 440 417 520; x_wconf 76' lang='lat' dir='ltr'>obligationis</span> <span class='ocrx_word' id='word_1_16' title='bbox 438 441 613 517; x_wconf 84' lang='lat' dir='ltr'>perimere,</span> <span class='ocrx_word' id='word_1_17' title='bbox 636 445 674 501; x_wconf 93' lang='lat' dir='ltr'>ut</span> <span class='ocrx_word' id='word_1_18' title='bbox 695 457 755 502; x_wconf 92' lang='lat' dir='ltr'>suo</span> <span class='ocrx_word' id='word_1_19' title='bbox 776 441 849 502; x_wconf 92' lang='lat' dir='ltr'>loco</span> <span class='ocrx_word' id='word_1_20' title='bbox 864 439 1092 502; x_wconf 81' lang='lat' dir='ltr'><strong>ostendemus.</strong></span> 
     </span>
     <span class='ocr_line' id='line_1_4' title="bbox 74 518 1092 599; baseline 0 -18"><span class='ocrx_word' id='word_1_21' title='bbox 74 522 169 598; x_wconf 84' lang='lat' dir='ltr'>Ergo,</span> <span class='ocrx_word' id='word_1_22' title='bbox 195 536 271 580; x_wconf 90' lang='lat' dir='ltr'>cum</span> <span class='ocrx_word' id='word_1_23' title='bbox 294 521 329 581; x_wconf 94' lang='lat' dir='ltr'>in</span> <span class='ocrx_word' id='word_1_24' title='bbox 348 520 480 581; x_wconf 90' lang='lat' dir='ltr'>homine</span> <span class='ocrx_word' id='word_1_25' title='bbox 504 522 590 580; x_wconf 89' lang='lat' dir='ltr'>etin</span> <span class='ocrx_word' id='word_1_26' title='bbox 613 521 765 583; x_wconf 89' lang='lat' dir='ltr'>omnibus</span> <span class='ocrx_word' id='word_1_27' title='bbox 788 521 861 599; x_wconf 82' lang='lat' dir='ltr'><strong>ejus</strong></span> <span class='ocrx_word' id='word_1_28' title='bbox 881 518 1092 582; x_wconf 83' lang='lat' dir='ltr'>facultatibus</span> 
     </span>
     <span class='ocr_line' id='line_1_5' title="bbox 73 599 1090 679; baseline -0.001 -18"><span class='ocrx_word' id='word_1_29' title='bbox 73 603 260 678; x_wconf 76' lang='lat' dir='ltr'><strong>reperiatur</strong></span> <span class='ocrx_word' id='word_1_30' title='bbox 282 599 363 661; x_wconf 93' lang='lat' dir='ltr'>ordo</span> <span class='ocrx_word' id='word_1_31' title='bbox 380 600 610 678; x_wconf 77' lang='lat' dir='ltr'>dependentia</span> <span class='ocrx_word' id='word_1_32' title='bbox 625 601 722 662; x_wconf 90' lang='lat' dir='ltr'>alicui</span> <span class='ocrx_word' id='word_1_33' title='bbox 736 600 895 676; x_wconf 86' lang='lat' dir='ltr'>principio</span> <span class='ocrx_word' id='word_1_34' title='bbox 912 600 1090 679; x_wconf 83' lang='lat' dir='ltr'>objectiva,</span> 
     </span>
     <span class='ocr_line' id='line_1_6' title="bbox 76 680 1092 753; baseline -0.002 -12"><span class='ocrx_word' id='word_1_35' title='bbox 76 685 268 741; x_wconf 85' lang='lat' dir='ltr'>autonomia</span> <span class='ocrx_word' id='word_1_36' title='bbox 289 681 434 753; x_wconf 88' lang='lat' dir='ltr'>rationis,</span> <span class='ocrx_word' id='word_1_37' title='bbox 457 683 491 741; x_wconf 91' lang='lat' dir='ltr'>in</span> <span class='ocrx_word' id='word_1_38' title='bbox 519 680 714 742; x_wconf 89' lang='lat' dir='ltr'>stabilienda</span> <span class='ocrx_word' id='word_1_39' title='bbox 744 681 927 740; x_wconf 87' lang='lat' dir='ltr'>moralitate</span> <span class='ocrx_word' id='word_1_40' title='bbox 959 684 1092 740; x_wconf 89' lang='lat' dir='ltr'>actuum</span> 
     </span>
     <span class='ocr_line' id='line_1_7' title="bbox 73 757 800 833; baseline -0.004 -12"><span class='ocrx_word' id='word_1_41' title='bbox 73 763 306 833; x_wconf 87' lang='lat' dir='ltr'>humanorum,</span> <span class='ocrx_word' id='word_1_42' title='bbox 331 765 382 820; x_wconf 90' lang='lat' dir='ltr'>est</span> <span class='ocrx_word' id='word_1_43' title='bbox 408 757 583 820; x_wconf 85' lang='lat' dir='ltr'>manifesta</span> <span class='ocrx_word' id='word_1_44' title='bbox 605 759 800 821; x_wconf 87' lang='lat' dir='ltr'>absurditas.</span> 
     </span>
    </p>

    <p class='ocr_par' dir='ltr' id='par_1_4' title="bbox 70 839 1134 2114">
     <span class='ocr_line' id='line_1_8' title="bbox 113 839 1088 916; baseline -0.002 -15"><span class='ocrx_word' id='word_1_45' title='bbox 113 842 289 901; x_wconf 73' lang='lat' dir='ltr'>Probatur.</span> <span class='ocrx_word' id='word_1_46' title='bbox 312 842 344 900; x_wconf 75' lang='lat'>2⁰</span> <span class='ocrx_word' id='word_1_47' title='bbox 365 841 519 915; x_wconf 86' lang='lat' dir='ltr'>Spectata</span> <span class='ocrx_word' id='word_1_48' title='bbox 540 839 650 902; x_wconf 91' lang='lat' dir='ltr'>indole</span> <span class='ocrx_word' id='word_1_49' title='bbox 672 839 806 902; x_wconf 90' lang='lat' dir='ltr'>rationis</span> <span class='ocrx_word' id='word_1_50' title='bbox 829 843 860 899; x_wconf 87' lang='lat' dir='ltr'>et</span> <span class='ocrx_word' id='word_1_51' title='bbox 883 839 1088 916; x_wconf 83' lang='lat' dir='ltr'>cognitionis.</span> 
     </span>
     <span class='ocr_line' id='line_1_9' title="bbox 75 918 1091 998; baseline -0.003 -17"><span class='ocrx_word' id='word_1_52' title='bbox 75 920 166 981; x_wconf 87' lang='lat' dir='ltr'>Ratio</span> <span class='ocrx_word' id='word_1_53' title='bbox 204 919 375 982; x_wconf 91' lang='lat' dir='ltr'>ordinatur</span> <span class='ocrx_word' id='word_1_54' title='bbox 396 918 439 978; x_wconf 89' lang='lat' dir='ltr'>ad</span> <span class='ocrx_word' id='word_1_55' title='bbox 468 931 584 980; x_wconf 88' lang='lat' dir='ltr'>verum</span> <span class='ocrx_word' id='word_1_56' title='bbox 620 918 900 998; x_wconf 84' lang='lat' dir='ltr'>cognoscendum,</span> <span class='ocrx_word' id='word_1_57' title='bbox 937 920 1091 980; x_wconf 88' lang='lat' dir='ltr'>nimirum</span> 
     </span>
     <span class='ocr_line' id='line_1_10' title="bbox 75 997 1086 1078; baseline 0 -19"><span class='ocrx_word' id='word_1_58' title='bbox 75 1001 143 1060; x_wconf 88' lang='lat' dir='ltr'>haec</span> <span class='ocrx_word' id='word_1_59' title='bbox 164 998 305 1061; x_wconf 77' lang='lat' dir='ltr'><strong>facultas</strong></span> <span class='ocrx_word' id='word_1_60' title='bbox 328 1001 429 1060; x_wconf 89' lang='lat' dir='ltr'>debet</span> <span class='ocrx_word' id='word_1_61' title='bbox 448 997 573 1059; x_wconf 85' lang='lat' dir='ltr'><strong>referre</strong></span> <span class='ocrx_word' id='word_1_62' title='bbox 595 1000 761 1078; x_wconf 88' lang='lat' dir='ltr'>objectum</span> <span class='ocrx_word' id='word_1_63' title='bbox 792 999 888 1059; x_wconf 87' lang='lat' dir='ltr'>sicuti</span> <span class='ocrx_word' id='word_1_64' title='bbox 910 1001 1016 1059; x_wconf 89' lang='lat' dir='ltr'>estin</span> <span class='ocrx_word' id='word_1_65' title='bbox 1037 1015 1086 1070; x_wconf 86' lang='lat' dir='ltr'>se,</span> 
     </span>
     <span class='ocr_line' id='line_1_11' title="bbox 74 1078 1087 1155; baseline -0.002 -15"><span class='ocrx_word' id='word_1_66' title='bbox 74 1095 142 1140; x_wconf 92' lang='lat' dir='ltr'>non</span> <span class='ocrx_word' id='word_1_67' title='bbox 163 1085 276 1140; x_wconf 89' lang='lat' dir='ltr'>autem</span> <span class='ocrx_word' id='word_1_68' title='bbox 297 1095 357 1154; x_wconf 84' lang='lat' dir='ltr'>pro</span> <span class='ocrx_word' id='word_1_69' title='bbox 377 1079 466 1141; x_wconf 89' lang='lat' dir='ltr'>libito</span> <span class='ocrx_word' id='word_1_70' title='bbox 500 1079 561 1140; x_wconf 91' lang='lat' dir='ltr'>sibi</span> <span class='ocrx_word' id='word_1_71' title='bbox 591 1079 714 1140; x_wconf 86' lang='lat' dir='ltr'>cudere</span> <span class='ocrx_word' id='word_1_72' title='bbox 745 1078 925 1155; x_wconf 83' lang='lat' dir='ltr'><strong>quamlibet</strong></span> <span class='ocrx_word' id='word_1_73' title='bbox 952 1093 1087 1154; x_wconf 83' lang='lat' dir='ltr'><strong>expres-</strong></span> 
     </span>
     <span class='ocr_line' id='line_1_12' title="bbox 73 1157 1086 1238; baseline -0.001 -19"><span class='ocrx_word' id='word_1_74' title='bbox 73 1161 203 1220; x_wconf 90' lang='lat' dir='ltr'>sionem</span> <span class='ocrx_word' id='word_1_75' title='bbox 224 1160 346 1238; x_wconf 86' lang='lat' dir='ltr'>objecti</span> <span class='ocrx_word' id='word_1_76' title='bbox 368 1159 490 1236; x_wconf 79' lang='lat' dir='ltr'>cogniti</span> <span class='ocrx_word' id='word_1_77' title='bbox 514 1179 521 1220; x_wconf 92' lang='lat'>:</span> <span class='ocrx_word' id='word_1_78' title='bbox 546 1175 643 1219; x_wconf 90' lang='lat' dir='ltr'>secus</span> <span class='ocrx_word' id='word_1_79' title='bbox 654 1157 829 1221; x_wconf 91' lang='lat' dir='ltr'>similitudo</span> <span class='ocrx_word' id='word_1_80' title='bbox 846 1157 981 1236; x_wconf 87' lang='lat' dir='ltr'>objecti,</span> <span class='ocrx_word' id='word_1_81' title='bbox 1005 1175 1086 1235; x_wconf 87' lang='lat' dir='ltr'>qua-</span> 
     </span>
     <span class='ocr_line' id='line_1_13' title="bbox 72 1236 1084 1317; baseline -0.002 -18"><span class='ocrx_word' id='word_1_82' title='bbox 72 1240 111 1300; x_wconf 87' lang='lat' dir='ltr'>lis</span> <span class='ocrx_word' id='word_1_83' title='bbox 134 1243 185 1300; x_wconf 91' lang='lat' dir='ltr'>est</span> <span class='ocrx_word' id='word_1_84' title='bbox 207 1241 365 1317; x_wconf 84' lang='lat' dir='ltr'>cognitio,</span> <span class='ocrx_word' id='word_1_85' title='bbox 391 1241 506 1314; x_wconf 90' lang='lat' dir='ltr'>posset</span> <span class='ocrx_word' id='word_1_86' title='bbox 535 1255 603 1302; x_wconf 91' lang='lat' dir='ltr'>non</span> <span class='ocrx_word' id='word_1_87' title='bbox 634 1237 709 1298; x_wconf 87' lang='lat' dir='ltr'>es&#39;se</span> <span class='ocrx_word' id='word_1_88' title='bbox 741 1236 914 1299; x_wconf 76' lang='lat' dir='ltr'>similitudo</span> <span class='ocrx_word' id='word_1_89' title='bbox 947 1238 1084 1317; x_wconf 80' lang='lat' dir='ltr'>obJecti‚</span> 
     </span>
     <span class='ocr_line' id='line_1_14' title="bbox 73 1316 1134 1400; baseline -0.002 -22"><span class='ocrx_word' id='word_1_90' title='bbox 73 1318 163 1396; x_wconf 92' lang='lat' dir='ltr'>quod</span> <span class='ocrx_word' id='word_1_91' title='bbox 184 1316 358 1380; x_wconf 87' lang='lat' dir='ltr'>manifeste</span> <span class='ocrx_word' id='word_1_92' title='bbox 381 1325 507 1396; x_wconf 83' lang='lat' dir='ltr'><strong>pugnat</strong></span> <span class='ocrx_word' id='word_1_93' title='bbox 528 1323 562 1378; x_wconf 87' lang='lat' dir='ltr'>ln</span> <span class='ocrx_word' id='word_1_94' title='bbox 584 1318 741 1379; x_wconf 89' lang='lat' dir='ltr'>terminis.</span> <span class='ocrx_word' id='word_1_95' title='bbox 767 1317 846 1391; x_wconf 86' lang='lat' dir='ltr'>Quis</span> <span class='ocrx_word' id='word_1_96' title='bbox 865 1332 992 1394; x_wconf 83' lang='lat' dir='ltr'>negare</span> <span class='ocrx_word' id='word_1_97' title='bbox 1003 1332 1081 1393; x_wconf 89' lang='lat' dir='ltr'>pos·</span> <span class='ocrx_word' id='word_1_98' title='bbox 1130 1393 1134 1400; x_wconf 24' lang='grc' dir='ltr'>Ι</span> 
     </span>
     <span class='ocr_line' id='line_1_15' title="bbox 72 1397 1088 1476; baseline 0.001 -19"><span class='ocrx_word' id='word_1_99' title='bbox 72 1402 124 1458; x_wconf 89' lang='lat' dir='ltr'>set</span> <span class='ocrx_word' id='word_1_100' title='bbox 144 1400 282 1460; x_wconf 87' lang='lat' dir='ltr'>rationis</span> <span class='ocrx_word' id='word_1_101' title='bbox 305 1401 495 1474; x_wconf 90' lang='lat' dir='ltr'>simpliciter</span> <span class='ocrx_word' id='word_1_102' title='bbox 510 1398 741 1476; x_wconf 80' lang='lat' dir='ltr'>cognoscentis</span> <span class='ocrx_word' id='word_1_103' title='bbox 762 1397 934 1458; x_wconf 90' lang='lat' dir='ltr'>veritatem</span> <span class='ocrx_word' id='word_1_104' title='bbox 955 1413 1088 1458; x_wconf 90' lang='lat' dir='ltr'>mensu-</span> 
     </span>
     <span class='ocr_line' id='line_1_16' title="bbox 72 1475 1087 1557; baseline 0.001 -19"><span class='ocrx_word' id='word_1_105' title='bbox 72 1481 135 1540; x_wconf 86' lang='lat' dir='ltr'>rari</span> <span class='ocrx_word' id='word_1_106' title='bbox 157 1494 220 1554; x_wconf 91' lang='lat' dir='ltr'>per</span> <span class='ocrx_word' id='word_1_107' title='bbox 240 1478 372 1554; x_wconf 85' lang='lat' dir='ltr'>objecta</span> <span class='ocrx_word' id='word_1_108' title='bbox 395 1479 545 1557; x_wconf 83' lang='lat' dir='ltr'>cognita?</span> <span class='ocrx_word' id='word_1_109' title='bbox 565 1481 664 1556; x_wconf 87' lang='lat' dir='ltr'>Atqui</span> <span class='ocrx_word' id='word_1_110' title='bbox 684 1477 869 1538; x_wconf 88' lang='lat' dir='ltr'>mensurari</span> <span class='ocrx_word' id='word_1_111' title='bbox 900 1475 1087 1547; x_wconf 87' lang='lat' dir='ltr'>secundum</span> 
     </span>
     <span class='ocr_line' id='line_1_17' title="bbox 73 1555 1086 1637; baseline -0.001 -19"><span class='ocrx_word' id='word_1_112' title='bbox 73 1555 209 1636; x_wconf 88' lang='lat' dir='ltr'>aliquod</span> <span class='ocrx_word' id='word_1_113' title='bbox 231 1558 425 1634; x_wconf 87' lang='lat' dir='ltr'>principium</span> <span class='ocrx_word' id='word_1_114' title='bbox 447 1557 644 1637; x_wconf 85' lang='lat' dir='ltr'>objectivum</span> <span class='ocrx_word' id='word_1_115' title='bbox 667 1557 754 1618; x_wconf 90' lang='lat' dir='ltr'>idem</span> <span class='ocrx_word' id='word_1_116' title='bbox 778 1563 828 1618; x_wconf 89' lang='lat' dir='ltr'>est</span> <span class='ocrx_word' id='word_1_117' title='bbox 849 1574 887 1617; x_wconf 90' lang='lat' dir='ltr'>ac</span> <span class='ocrx_word' id='word_1_118' title='bbox 904 1573 978 1618; x_wconf 88' lang='lat' dir='ltr'><strong>esse</strong></span> <span class='ocrx_word' id='word_1_119' title='bbox 1009 1557 1086 1618; x_wconf 91' lang='lat' dir='ltr'>huic</span> 
     </span>
     <span class='ocr_line' id='line_1_18' title="bbox 72 1637 1087 1714; baseline 0.002 -17"><span class='ocrx_word' id='word_1_120' title='bbox 72 1640 232 1714; x_wconf 89' lang='lat' dir='ltr'>principio</span> <span class='ocrx_word' id='word_1_121' title='bbox 256 1637 443 1710; x_wconf 86' lang='lat' dir='ltr'>obnoxium,</span> <span class='ocrx_word' id='word_1_122' title='bbox 468 1638 612 1714; x_wconf 91' lang='lat' dir='ltr'>ideoque</span> <span class='ocrx_word' id='word_1_123' title='bbox 642 1637 724 1698; x_wconf 90' lang='lat' dir='ltr'>ratio</span> <span class='ocrx_word' id='word_1_124' title='bbox 748 1653 819 1714; x_wconf 87' lang='lat' dir='ltr'>quae</span> <span class='ocrx_word' id='word_1_125' title='bbox 840 1637 936 1698; x_wconf 85' lang='lat' dir='ltr'>alicui</span> <span class='ocrx_word' id='word_1_126' title='bbox 965 1653 1087 1699; x_wconf 79' lang='lat' dir='ltr'>norma</span> 
     </span>
     <span class='ocr_line' id='line_1_19' title="bbox 72 1717 1085 1798; baseline -0.003 -18"><span class='ocrx_word' id='word_1_127' title='bbox 72 1721 104 1780; x_wconf 91' lang='lat' dir='ltr'>in</span> <span class='ocrx_word' id='word_1_128' title='bbox 141 1719 210 1778; x_wconf 90' lang='lat' dir='ltr'>suis</span> <span class='ocrx_word' id='word_1_129' title='bbox 246 1717 492 1794; x_wconf 81' lang='lat' dir='ltr'>operationibus</span> <span class='ocrx_word' id='word_1_130' title='bbox 523 1719 685 1798; x_wconf 82' lang='lat' dir='ltr'>subjacet,</span> <span class='ocrx_word' id='word_1_131' title='bbox 716 1733 784 1777; x_wconf 91' lang='lat' dir='ltr'>non</span> <span class='ocrx_word' id='word_1_132' title='bbox 805 1719 915 1793; x_wconf 90' lang='lat' dir='ltr'>potest</span> <span class='ocrx_word' id='word_1_133' title='bbox 936 1717 997 1777; x_wconf 87' lang='lat' dir='ltr'>sub</span> <span class='ocrx_word' id='word_1_134' title='bbox 1019 1717 1085 1778; x_wconf 89' lang='lat' dir='ltr'>ullo</span> 
     </span>
     <span class='ocr_line' id='line_1_20' title="bbox 70 1795 1087 1875; baseline -0.002 -17"><span class='ocrx_word' id='word_1_135' title='bbox 70 1802 229 1875; x_wconf 87' lang='lat' dir='ltr'>respectu</span> <span class='ocrx_word' id='word_1_136' title='bbox 250 1797 313 1858; x_wconf 87' lang='lat' dir='ltr'>dici</span> <span class='ocrx_word' id='word_1_137' title='bbox 333 1813 487 1874; x_wconf 90' lang='lat' dir='ltr'>suprema</span> <span class='ocrx_word' id='word_1_138' title='bbox 509 1803 542 1858; x_wconf 90' lang='lat' dir='ltr'>et</span> <span class='ocrx_word' id='word_1_139' title='bbox 562 1799 660 1859; x_wconf 90' lang='lat' dir='ltr'>unica</span> <span class='ocrx_word' id='word_1_140' title='bbox 680 1797 807 1874; x_wconf 85' lang='lat' dir='ltr'>regula.</span> <span class='ocrx_word' id='word_1_141' title='bbox 831 1798 914 1873; x_wconf 83' lang='lat' dir='ltr'>Ergo</span> <span class='ocrx_word' id='word_1_142' title='bbox 935 1795 1004 1856; x_wconf 82' lang='lat' dir='ltr'>hac</span> <span class='ocrx_word' id='word_1_143' title='bbox 1025 1813 1087 1858; x_wconf 92' lang='lat' dir='ltr'>au-</span> 
     </span>
     <span class='ocr_line' id='line_1_21' title="bbox 72 1875 1086 1954; baseline -0.001 -17"><span class='ocrx_word' id='word_1_144' title='bbox 72 1880 218 1938; x_wconf 89' lang='lat' dir='ltr'>tonomia</span> <span class='ocrx_word' id='word_1_145' title='bbox 239 1877 373 1938; x_wconf 89' lang='lat' dir='ltr'>rationis</span> <span class='ocrx_word' id='word_1_146' title='bbox 396 1882 446 1937; x_wconf 91' lang='lat' dir='ltr'>est</span> <span class='ocrx_word' id='word_1_147' title='bbox 475 1875 669 1954; x_wconf 83' lang='lat' dir='ltr'>figmentum</span> <span class='ocrx_word' id='word_1_148' title='bbox 693 1893 762 1936; x_wconf 91' lang='lat' dir='ltr'>non</span> <span class='ocrx_word' id='word_1_149' title='bbox 795 1876 905 1936; x_wconf 87' lang='lat' dir='ltr'>minus</span> <span class='ocrx_word' id='word_1_150' title='bbox 933 1891 1086 1954; x_wconf 80' lang='lat' dir='ltr'>pugnans</span> 
     </span>
     <span class='ocr_line' id='line_1_22' title="bbox 74 1955 1088 2034; baseline 0.001 -20"><span class='ocrx_word' id='word_1_151' title='bbox 74 1974 150 2018; x_wconf 90' lang='lat' dir='ltr'>eum</span> <span class='ocrx_word' id='word_1_152' title='bbox 171 1961 293 2017; x_wconf 88' lang='lat' dir='ltr'>natura</span> <span class='ocrx_word' id='word_1_153' title='bbox 313 1959 457 2030; x_wconf 86' lang='lat' dir='ltr'>rationis,</span> <span class='ocrx_word' id='word_1_154' title='bbox 482 1973 579 2034; x_wconf 89' lang='lat' dir='ltr'>quam</span> <span class='ocrx_word' id='word_1_155' title='bbox 611 1958 774 2018; x_wconf 87' lang='lat' dir='ltr'>absonum</span> <span class='ocrx_word' id='word_1_156' title='bbox 795 1972 814 2017; x_wconf 94' lang='lat' dir='ltr'>a</span> <span class='ocrx_word' id='word_1_157' title='bbox 834 1972 913 2016; x_wconf 90' lang='lat' dir='ltr'>vero</span> <span class='ocrx_word' id='word_1_158' title='bbox 944 1955 1088 2030; x_wconf 83' lang='lat' dir='ltr'>hominis</span> 
     </span>
     <span class='ocr_line' id='line_1_23' title="bbox 72 2041 248 2114; baseline -0.011 -16"><span class='ocrx_word' id='word_1_159' title='bbox 72 2041 248 2114; x_wconf 90' lang='lat' dir='ltr'>conceptu.</span> 
     </span>
    </p>

    <p class='ocr_par' dir='ltr' id='par_1_5' title="bbox 68 2113 1085 2497">
     <span class='ocr_line' id='line_1_24' title="bbox 108 2113 1085 2179; baseline -0.002 0"><span class='ocrx_word' id='word_1_160' title='bbox 108 2119 160 2179; x_wconf 83' lang='lat'>83.</span> <span class='ocrx_word' id='word_1_161' title='bbox 185 2152 224 2159; x_wconf 96' lang='lat'>—</span> <span class='ocrx_word' id='word_1_162' title='bbox 246 2117 415 2179; x_wconf 80' lang='lat' dir='ltr'>Scholium</span> <span class='ocrx_word' id='word_1_163' title='bbox 442 2116 464 2177; x_wconf 94' lang='grc' dir='ltr'>Ι.</span> <span class='ocrx_word' id='word_1_164' title='bbox 498 2117 568 2176; x_wconf 87' lang='lat' dir='ltr'>llaec</span> <span class='ocrx_word' id='word_1_165' title='bbox 604 2113 753 2178; x_wconf 90' lang='lat' dir='ltr'>doctrina</span> <span class='ocrx_word' id='word_1_166' title='bbox 781 2114 994 2177; x_wconf 86' lang='lat' dir='ltr'>rationalismi</span> <span class='ocrx_word' id='word_1_167' title='bbox 1027 2115 1085 2177; x_wconf 91' lang='lat' dir='ltr'>ho-</span> 
     </span>
     <span class='ocr_line' id='line_1_25' title="bbox 72 2196 1084 2273; baseline 0.002 -18"><span class='ocrx_word' id='word_1_168' title='bbox 72 2196 179 2259; x_wconf 89' lang='lat' dir='ltr'>dierni</span> <span class='ocrx_word' id='word_1_169' title='bbox 207 2196 381 2257; x_wconf 90' lang='lat' dir='ltr'>manifesto</span> <span class='ocrx_word' id='word_1_170' title='bbox 405 2203 453 2257; x_wconf 89' lang='lat' dir='ltr'>est</span> <span class='ocrx_word' id='word_1_171' title='bbox 474 2197 625 2259; x_wconf 90' lang='lat' dir='ltr'>surculus</span> <span class='ocrx_word' id='word_1_172' title='bbox 653 2196 861 2273; x_wconf 89' lang='lat' dir='ltr'>pantheismi.</span> <span class='ocrx_word' id='word_1_173' title='bbox 895 2196 1084 2257; x_wconf 88' lang='lat' dir='ltr'>intellectus</span> 
     </span>
     <span class='ocr_line' id='line_1_26' title="bbox 70 2276 1085 2355; baseline 0 -18"><span class='ocrx_word' id='word_1_174' title='bbox 70 2279 159 2337; x_wconf 90' lang='lat' dir='ltr'>enim</span> <span class='ocrx_word' id='word_1_175' title='bbox 183 2279 267 2338; x_wconf 89' lang='lat' dir='ltr'>entis</span> <span class='ocrx_word' id='word_1_176' title='bbox 288 2276 404 2337; x_wconf 88' lang='lat' dir='ltr'>infiniti</span> <span class='ocrx_word' id='word_1_177' title='bbox 426 2281 514 2337; x_wconf 88' lang='grc'><strong>11111</strong></span> <span class='ocrx_word' id='word_1_178' title='bbox 536 2292 605 2337; x_wconf 92' lang='lat' dir='ltr'>non</span> <span class='ocrx_word' id='word_1_179' title='bbox 626 2276 915 2355; x_wconf 80' lang='lat' dir='ltr'>subJ&#39;acetraticni</span> <span class='ocrx_word' id='word_1_180' title='bbox 947 2276 1085 2355; x_wconf 88' lang='lat' dir='ltr'>alicujus</span> 
     </span>
     <span class='ocr_line' id='line_1_27' title="bbox 70 2355 1081 2435; baseline -0.001 -18"><span class='ocrx_word' id='word_1_181' title='bbox 70 2358 155 2418; x_wconf 88' lang='lat' dir='ltr'>entis</span> <span class='ocrx_word' id='word_1_182' title='bbox 179 2356 372 2433; x_wconf 87' lang='lat' dir='ltr'>superioris;</span> <span class='ocrx_word' id='word_1_183' title='bbox 396 2355 457 2417; x_wconf 91' lang='lat' dir='ltr'>sed</span> <span class='ocrx_word' id='word_1_184' title='bbox 477 2361 527 2417; x_wconf 91' lang='lat' dir='ltr'>est</span> <span class='ocrx_word' id='word_1_185' title='bbox 541 2372 698 2435; x_wconf 90' lang='lat' dir='ltr'>suprema</span> <span class='ocrx_word' id='word_1_186' title='bbox 711 2357 829 2434; x_wconf 85' lang='lat' dir='ltr'>regula</span> <span class='ocrx_word' id='word_1_187' title='bbox 845 2356 1081 2435; x_wconf 81' lang='lat' dir='ltr'>cujuscumque</span> 
     </span>
     <span class='ocr_line' id='line_1_28' title="bbox 68 2437 313 2497; baseline -0.004 0"><span class='ocrx_word' id='word_1_188' title='bbox 68 2437 148 2497; x_wconf 89' lang='lat' dir='ltr'>boni</span> <span class='ocrx_word' id='word_1_189' title='bbox 171 2440 204 2496; x_wconf 90' lang='lat' dir='ltr'>et</span> <span class='ocrx_word' id='word_1_190' title='bbox 224 2437 313 2497; x_wconf 90' lang='lat' dir='ltr'>mali.</span> 
     </span>
    </p>

    <p class='ocr_par' dir='ltr' id='par_1_6' title="bbox 68 2515 1081 2835">
     <span class='ocr_line' id='line_1_29' title="bbox 110 2515 1081 2591; baseline -0.001 -15"><span class='ocrx_word' id='word_1_191' title='bbox 110 2516 281 2577; x_wconf 73' lang='lat' dir='ltr'>Sabellum</span> <span class='ocrx_word' id='word_1_192' title='bbox 317 2517 353 2576; x_wconf 96' lang='lat' dir='ltr'>ll.</span> <span class='ocrx_word' id='word_1_193' title='bbox 390 2516 479 2575; x_wconf 85' lang='lat' dir='ltr'>Sicut</span> <span class='ocrx_word' id='word_1_194' title='bbox 508 2516 614 2575; x_wconf 92' lang='lat' dir='ltr'>omnis</span> <span class='ocrx_word' id='word_1_195' title='bbox 635 2515 720 2577; x_wconf 89' lang='lat' dir='ltr'>actio</span> <span class='ocrx_word' id='word_1_196' title='bbox 742 2516 919 2577; x_wconf 88' lang='lat' dir='ltr'>voluntatis</span> <span class='ocrx_word' id='word_1_197' title='bbox 940 2530 1081 2591; x_wconf 76' lang='lat' dir='ltr'>praesup-</span> 
     </span>
     <span class='ocr_line' id='line_1_30' title="bbox 68 2593 1081 2673; baseline -0.002 -16"><span class='ocrx_word' id='word_1_198' title='bbox 68 2598 162 2672; x_wconf 85' lang='lat' dir='ltr'>ponit</span> <span class='ocrx_word' id='word_1_199' title='bbox 182 2597 326 2673; x_wconf 88' lang='lat' dir='ltr'>aliquam</span> <span class='ocrx_word' id='word_1_200' title='bbox 348 2595 513 2655; x_wconf 78' lang='lat' dir='ltr'>actionem</span> <span class='ocrx_word' id='word_1_201' title='bbox 534 2594 732 2666; x_wconf 85' lang='lat' dir='ltr'>intellectus,</span> <span class='ocrx_word' id='word_1_202' title='bbox 765 2611 827 2656; x_wconf 91' lang='lat' dir='ltr'>seu</span> <span class='ocrx_word' id='word_1_203' title='bbox 852 2593 1016 2673; x_wconf 86' lang='lat' dir='ltr'>judicium</span> <span class='ocrx_word' id='word_1_204' title='bbox 1039 2596 1081 2655; x_wconf 91' lang='lat' dir='ltr'>de</span> 
     </span>
     <span class='ocr_line' id='line_1_31' title="bbox 68 2674 1081 2754; baseline 0 -19"><span class='ocrx_word' id='word_1_205' title='bbox 68 2676 217 2738; x_wconf 91' lang='lat' dir='ltr'>bonitate</span> <span class='ocrx_word' id='word_1_206' title='bbox 239 2674 372 2754; x_wconf 77' lang='lat' dir='ltr'>objecti,</span> <span class='ocrx_word' id='word_1_207' title='bbox 395 2675 440 2735; x_wconf 90' lang='lat' dir='ltr'>ita</span> <span class='ocrx_word' id='word_1_208' title='bbox 461 2676 524 2735; x_wconf 90' lang='lat' dir='ltr'>hoc</span> <span class='ocrx_word' id='word_1_209' title='bbox 532 2674 707 2753; x_wconf 86' lang='lat' dir='ltr'>judicium,</span> <span class='ocrx_word' id='word_1_210' title='bbox 723 2678 760 2734; x_wconf 93' lang='lat' dir='ltr'>ut</span> <span class='ocrx_word' id='word_1_211' title='bbox 774 2691 890 2736; x_wconf 89' lang='lat' dir='ltr'>verum</span> <span class='ocrx_word' id='word_1_212' title='bbox 906 2680 938 2735; x_wconf 90' lang='lat' dir='ltr'>et</span> <span class='ocrx_word' id='word_1_213' title='bbox 951 2678 1081 2735; x_wconf 86' lang='lat' dir='ltr'>rectum</span> 
     </span>
     <span class='ocr_line' id='line_1_32' title="bbox 68 2753 970 2835; baseline -0.002 -20"><span class='ocrx_word' id='word_1_214' title='bbox 68 2756 121 2829; x_wconf 86' lang='lat' dir='ltr'>sit,</span> <span class='ocrx_word' id='word_1_215' title='bbox 144 2755 377 2833; x_wconf 81' lang='lat' dir='ltr'>praesupponit</span> <span class='ocrx_word' id='word_1_216' title='bbox 398 2754 567 2833; x_wconf 82' lang='lat' dir='ltr'>objectum</span> <span class='ocrx_word' id='word_1_217' title='bbox 588 2756 653 2817; x_wconf 88' lang='lat' dir='ltr'>tale</span> <span class='ocrx_word' id='word_1_218' title='bbox 676 2755 774 2832; x_wconf 90' lang='lat' dir='ltr'>quale</span> <span class='ocrx_word' id='word_1_219' title='bbox 791 2753 970 2835; x_wconf 88' lang='lat' dir='ltr'>judicatur.</span> 
     </span>
    </p>
   </div>
   <div class='ocr_carea' id='block_1_4' title="bbox 67 2877 1081 3032">
    <p class='ocr_par' dir='ltr' id='par_1_7' title="bbox 67 2877 1081 3032">
     <span class='ocr_line' id='line_1_33' title="bbox 67 2877 1081 2954; baseline -0.002 -13"><span class='ocrx_word' id='word_1_220' title='bbox 67 2881 116 2941; x_wconf 84' lang='grc'>84.</span> <span class='ocrx_word' id='word_1_221' title='bbox 141 2913 182 2922; x_wconf 91' lang='grc'><strong>-</strong></span> <span class='ocrx_word' id='word_1_222' title='bbox 202 2880 310 2941; x_wconf 82' lang='lat' dir='ltr'><strong>Tursrs</strong></span> <span class='ocrx_word' id='word_1_223' title='bbox 332 2878 380 2937; x_wconf 92' lang='lat' dir='ltr'>lV.</span> <span class='ocrx_word' id='word_1_224' title='bbox 397 2878 514 2937; x_wconf 78' lang='lat' dir='ltr'>libero</span> <span class='ocrx_word' id='word_1_225' title='bbox 527 2877 1081 2954; x_wconf 68' lang='grc' dir='ltr'><strong>1111υοί1111111111111111111-</strong></span> 
     </span>
     <span class='ocr_line' id='line_1_34' title="bbox 107 2958 747 3032; baseline -0.003 -13"><span class='ocrx_word' id='word_1_226' title='bbox 107 2960 176 3020; x_wconf 80' lang='lat' dir='ltr'>tivo</span> <span class='ocrx_word' id='word_1_227' title='bbox 190 2975 256 3019; x_wconf 81' lang='lat' dir='ltr'>ooo</span> <span class='ocrx_word' id='word_1_228' title='bbox 270 2964 314 3019; x_wconf 86' lang='lat' dir='ltr'>cst</span> <span class='ocrx_word' id='word_1_229' title='bbox 328 2960 442 3019; x_wconf 79' lang='grc'><strong>111111</strong></span> <span class='ocrx_word' id='word_1_230' title='bbox 451 2959 526 3032; x_wconf 82' lang='lat' dir='ltr'>fons</span> <span class='ocrx_word' id='word_1_231' title='bbox 536 2958 747 3018; x_wconf 78' lang='lat' dir='ltr'>moralitatis.</span> 
     </span>
    </p>
   </div>
   <div class='ocr_carea' id='block_1_5' title="bbox 66 3071 1085 3712">
    <p class='ocr_par' dir='ltr' id='par_1_8' title="bbox 67 3071 1085 3311">
     <span class='ocr_line' id='line_1_35' title="bbox 105 3071 1085 3148; baseline -0.003 -15"><span class='ocrx_word' id='word_1_232' title='bbox 105 3074 201 3134; x_wconf 85' lang='lat' dir='ltr'>Nota.</span> <span class='ocrx_word' id='word_1_233' title='bbox 224 3072 296 3133; x_wconf 82' lang='lat' dir='ltr'>Hac</span> <span class='ocrx_word' id='word_1_234' title='bbox 318 3071 467 3132; x_wconf 88' lang='lat' dir='ltr'>doctrina</span> <span class='ocrx_word' id='word_1_235' title='bbox 488 3074 539 3131; x_wconf 90' lang='lat' dir='ltr'>est</span> <span class='ocrx_word' id='word_1_236' title='bbox 560 3071 712 3132; x_wconf 90' lang='lat' dir='ltr'>surculus</span> <span class='ocrx_word' id='word_1_237' title='bbox 733 3072 994 3147; x_wconf 85' lang='lat' dir='ltr'>protestantismi</span> <span class='ocrx_word' id='word_1_238' title='bbox 1027 3074 1085 3148; x_wconf 91' lang='lat' dir='ltr'>qui</span> 
     </span>
     <span class='ocr_line' id='line_1_36' title="bbox 67 3150 1081 3230; baseline -0.002 -17"><span class='ocrx_word' id='word_1_239' title='bbox 67 3154 191 3213; x_wconf 90' lang='lat' dir='ltr'>nullam</span> <span class='ocrx_word' id='word_1_240' title='bbox 213 3152 310 3212; x_wconf 89' lang='lat' dir='ltr'>aliam</span> <span class='ocrx_word' id='word_1_241' title='bbox 330 3152 439 3230; x_wconf 85' lang='lat' dir='ltr'>legem</span> <span class='ocrx_word' id='word_1_242' title='bbox 461 3150 602 3211; x_wconf 86' lang='lat' dir='ltr'>admittit</span> <span class='ocrx_word' id='word_1_243' title='bbox 618 3166 719 3230; x_wconf 90' lang='lat' dir='ltr'>quam</span> <span class='ocrx_word' id='word_1_244' title='bbox 740 3151 951 3228; x_wconf 73' lang='lat' dir='ltr'>Scriptorum,</span> <span class='ocrx_word' id='word_1_245' title='bbox 964 3168 993 3212; x_wconf 92' lang='lat' dir='ltr'>·a</span> <span class='ocrx_word' id='word_1_246' title='bbox 1013 3153 1081 3213; x_wconf 90' lang='lat' dir='ltr'>sin·</span> 
     </span>
     <span class='ocr_line' id='line_1_37' title="bbox 67 3231 968 3311; baseline -0.002 -18"><span class='ocrx_word' id='word_1_247' title='bbox 67 3234 153 3311; x_wconf 87' lang='lat' dir='ltr'>gulis</span> <span class='ocrx_word' id='word_1_248' title='bbox 175 3232 303 3309; x_wconf 86' lang='lat' dir='ltr'><strong>absque</strong></span> <span class='ocrx_word' id='word_1_249' title='bbox 325 3232 391 3291; x_wconf 92' lang='lat' dir='ltr'>ulla</span> <span class='ocrx_word' id='word_1_250' title='bbox 405 3231 522 3309; x_wconf 85' lang='lat' dir='ltr'>regula</span> <span class='ocrx_word' id='word_1_251' title='bbox 537 3236 686 3303; x_wconf 84' lang='lat' dir='ltr'>externa,</span> <span class='ocrx_word' id='word_1_252' title='bbox 707 3231 968 3309; x_wconf 87' lang='lat' dir='ltr'>interpretatam.</span> 
     </span>
    </p>

    <p class='ocr_par' dir='ltr' id='par_1_9' title="bbox 66 3309 1082 3712">
     <span class='ocr_line' id='line_1_38' title="bbox 103 3309 1080 3387; baseline -0.004 -12"><span class='ocrx_word' id='word_1_253' title='bbox 103 3312 280 3375; x_wconf 82' lang='lat' dir='ltr'>Probatur.</span> <span class='ocrx_word' id='word_1_254' title='bbox 307 3312 337 3369; x_wconf 89' lang='lat' dir='ltr'>l⁰</span> <span class='ocrx_word' id='word_1_255' title='bbox 360 3310 455 3385; x_wconf 84' lang='lat' dir='ltr'>Quod</span> <span class='ocrx_word' id='word_1_256' title='bbox 477 3326 496 3371; x_wconf 93' lang='lat' dir='ltr'>a</span> <span class='ocrx_word' id='word_1_257' title='bbox 517 3310 623 3373; x_wconf 90' lang='lat' dir='ltr'>libera</span> <span class='ocrx_word' id='word_1_258' title='bbox 655 3312 716 3371; x_wconf 88' lang='lat' dir='ltr'>Dei</span> <span class='ocrx_word' id='word_1_259' title='bbox 744 3312 914 3373; x_wconf 90' lang='lat' dir='ltr'>voluntate</span> <span class='ocrx_word' id='word_1_260' title='bbox 943 3309 1080 3387; x_wconf 90' lang='lat' dir='ltr'>pendet,</span> 
     </span>
     <span class='ocr_line' id='line_1_39' title="bbox 67 3390 1081 3468; baseline 0 -15"><span class='ocrx_word' id='word_1_261' title='bbox 67 3407 134 3453; x_wconf 91' lang='lat' dir='ltr'>non</span> <span class='ocrx_word' id='word_1_262' title='bbox 155 3395 208 3451; x_wconf 92' lang='lat' dir='ltr'>est</span> <span class='ocrx_word' id='word_1_263' title='bbox 228 3391 363 3453; x_wconf 91' lang='lat' dir='ltr'>omnino</span> <span class='ocrx_word' id='word_1_264' title='bbox 384 3390 601 3465; x_wconf 83' lang='lat' dir='ltr'>immutabile,</span> <span class='ocrx_word' id='word_1_265' title='bbox 637 3390 803 3468; x_wconf 90' lang='lat' dir='ltr'>siquidem</span> <span class='ocrx_word' id='word_1_266' title='bbox 832 3392 900 3451; x_wconf 84' lang='lat' dir='ltr'>haec</span> <span class='ocrx_word' id='word_1_267' title='bbox 929 3390 1081 3453; x_wconf 87' lang='lat' dir='ltr'>voluntas</span> 
     </span>
     <span class='ocr_line' id='line_1_40' title="bbox 68 3468 1081 3550; baseline -0.001 -17"><span class='ocrx_word' id='word_1_268' title='bbox 68 3472 187 3533; x_wconf 91' lang='lat' dir='ltr'>dicitur</span> <span class='ocrx_word' id='word_1_269' title='bbox 207 3470 312 3531; x_wconf 90' lang='lat' dir='ltr'>libera</span> <span class='ocrx_word' id='word_1_270' title='bbox 334 3468 411 3548; x_wconf 89' lang='lat' dir='ltr'>quia</span> <span class='ocrx_word' id='word_1_271' title='bbox 433 3470 570 3533; x_wconf 79' lang='lat' dir='ltr'>effectus</span> <span class='ocrx_word' id='word_1_272' title='bbox 590 3473 637 3533; x_wconf 90' lang='lat' dir='ltr'>ita</span> <span class='ocrx_word' id='word_1_273' title='bbox 657 3469 821 3550; x_wconf 82' lang='lat' dir='ltr'>producit,</span> <span class='ocrx_word' id='word_1_274' title='bbox 843 3474 881 3531; x_wconf 89' lang='lat' dir='ltr'>ut</span> <span class='ocrx_word' id='word_1_275' title='bbox 902 3472 1081 3532; x_wconf 82' lang='lat' dir='ltr'>contrarios</span> 
     </span>
     <span class='ocr_line' id='line_1_41' title="bbox 66 3550 1082 3628; baseline -0.001 -16"><span class='ocrx_word' id='word_1_276' title='bbox 66 3550 176 3613; x_wconf 85' lang='lat' dir='ltr'>iacere</span> <span class='ocrx_word' id='word_1_277' title='bbox 199 3550 322 3626; x_wconf 88' lang='lat' dir='ltr'>possit;</span> <span class='ocrx_word' id='word_1_278' title='bbox 359 3550 449 3628; x_wconf 91' lang='lat' dir='ltr'>atqui</span> <span class='ocrx_word' id='word_1_279' title='bbox 479 3550 644 3612; x_wconf 88' lang='lat' dir='ltr'>moralitas</span> <span class='ocrx_word' id='word_1_280' title='bbox 664 3551 809 3628; x_wconf 86' lang='lat' dir='ltr'>plurium</span> <span class='ocrx_word' id='word_1_281' title='bbox 842 3552 1009 3612; x_wconf 88' lang='lat' dir='ltr'>actionum</span> <span class='ocrx_word' id='word_1_282' title='bbox 1031 3554 1082 3612; x_wconf 91' lang='lat' dir='ltr'>est</span> 
     </span>
     <span class='ocr_line' id='line_1_42' title="bbox 68 3629 1081 3712; baseline -0.002 -17"><span class='ocrx_word' id='word_1_283' title='bbox 68 3632 218 3695; x_wconf 88' lang='lat' dir='ltr'>absolute</span> <span class='ocrx_word' id='word_1_284' title='bbox 240 3629 451 3693; x_wconf 87' lang='lat' dir='ltr'>immutabilis</span> <span class='ocrx_word' id='word_1_285' title='bbox 475 3650 482 3692; x_wconf 93' lang='lat'><strong>:</strong></span> <span class='ocrx_word' id='word_1_286' title='bbox 504 3647 536 3695; x_wconf 86' lang='lat' dir='ltr'>v.</span> <span class='ocrx_word' id='word_1_287' title='bbox 568 3648 617 3712; x_wconf 68' lang='lat' dir='ltr'>g„</span> <span class='ocrx_word' id='word_1_288' title='bbox 650 3631 769 3695; x_wconf 86' lang='lat' dir='ltr'>occisio</span> <span class='ocrx_word' id='word_1_289' title='bbox 794 3629 992 3707; x_wconf 86' lang='lat' dir='ltr'>innocentis,</span> <span class='ocrx_word' id='word_1_290' title='bbox 1023 3646 1081 3708; x_wconf 87' lang='lat' dir='ltr'>pa-</span> 
     </span>
    </p>
   </div>
   <div class='ocr_carea' id='block_1_6' title="bbox 0 0 1326 4250">
    <p class='ocr_par' dir='ltr' id='par_1_10' title="bbox 0 0 1326 4250">
     <span class='ocr_line' id='line_1_43' title="bbox 0 0 1326 4250; baseline 0 4"><span class='ocrx_word' id='word_1_291' title='bbox 0 0 1326 4250; x_wconf 95' lang='lat' dir='ltr'> </span> 
     </span>
    </p>
   </div>
  </div>
 </body>
</html>
