2642 4250
207 252 247 314 66
515 250 695 312 narvumbu
715 261 919 307 runosorunn

161 428 164 434 .
208 379 317 442 divina
338 379 476 455 positiva
501 398 508 439 :
536 382 564 439 l⁰
586 378 721 439 Ratione
741 379 856 449 status,
879 377 907 436 si
929 391 988 451 pro
1004 374 1058 434 illo
1074 379 1163 434 statu
1174 373 1234 432 lex
1313 372 1315 437 ξ

209 465 298 520 esset
316 460 495 522 constituta
520 478 526 518 :
549 475 579 518 v.
605 474 669 536 gn,
692 458 746 523 lex
761 456 1034 522 circumcisionis;
1051 455 1083 513 b·
1098 454 1233 513 ratione
1313 526 1315 537 Ι

208 539 361 610 materiae,
386 555 456 616 quac
471 543 676 599 mutaretur:
700 554 731 596 v.
748 551 812 614 gr„
829 536 978 611 spoliatio
994 535 1233 611 lllgyptiorum
1313 540 1315 613 i

209 621 250 680 ab
274 619 429 692 Hebraeis;
453 619 540 678 hona
561 619 791 696 AEgyptiorum
812 614 897 675 lacta
919 619 996 674 sunt
1018 613 1152 691 propria
1168 615 1231 672 lle-

208 701 370 760 hraeorurn
400 701 433 758 in
463 697 654 758 mercedem
689 695 906 772 quorumdam
937 695 1102 760 laborum;
1127 695 1162 753 3⁰
1186 709 1231 752 ex
1313 758 1315 761 ,

209 795 301 840 mera
323 778 382 838 Dei
403 778 582 852 voluntate,
605 783 642 838 ut
665 780 789 838 eruitur
822 791 861 835 ex
899 775 997 847 tliesi3
1034 776 1066 832 4¹³
1096 773 1231 832 ratione
1313 826 1315 845 ,

213 860 376 921 charitatis
398 875 459 919 seu
482 859 523 918 ad
546 855 745 918 servandum
766 856 970 933 prestantius
999 861 1227 930 praeceptum:
1313 854 1315 863 '

209 956 240 1000 v.
264 957 311 1017 g„
334 954 370 1018 se
392 939 489 998 morti
512 937 641 999 tradere
665 943 801 1014 propter
837 935 978 995 salutem
1000 933 1161 1010 proxinu3
1195 935 1230 992 5⁰
1313 960 1315 1011 3

208 1023 334 1080 ratione
370 1023 605 1095 preceptorum
639 1015 953 1092 incompossibilium
988 1015 1084 1074 simul
1106 1029 1227 1074 occur·
1313 1014 1315 1055 l

208 1100 372 1160 rentium:
397 1115 426 1159 v.
449 1115 495 1175 gn,
508 1098 697 1158 obedientia
716 1096 909 1173 parentibus
930 1111 997 1154 uon
1018 1093 1227 1153 debetexbi-
1313 1118 1315 1157 ι

160 1193 163 1198 ·
209 1181 292 1245 beri,
317 1178 344 1237 si
365 1177 489 1255 aliquid
510 1179 702 1256 precipiunt
724 1181 837 1237 contra
859 1177 918 1235 Dei
940 1172 1106 1234 mandata.
1313 1171 1315 1193 l

253 1259 319 1318 123.
336 1291 373 1298 -
389 1262 434 1316 De
448 1263 611 1319 sortitione
627 1257 745 1332 teporo.
771 1256 925 1330 Quamvis
946 1256 999 1314 lex
1015 1270 1076 1330 per
1096 1268 1134 1311 se
1156 1267 1229 1312 non

211 1337 299 1397 dicat
312 1345 500 1412 respectum
522 1337 564 1396 ad
580 1339 710 1412 praemia
731 1337 785 1396 vel
807 1350 923 1411 poenas
947 1335 1067 1412 quibus
1081 1333 1230 1392 cultores

208 1418 261 1476 vel
271 1417 444 1476 violatores
460 1419 695 1486 retribuuntur,
716 1420 825 1475 tamen
836 1417 984 1490 inspecta
994 1413 1136 1473 bominis
1148 1428 1230 1470 oon-
1313 1452 1315 1485 ξ

211 1496 349 1567 ditione,
372 1496 427 1572 qui
449 1511 508 1571 spe
530 1495 651 1572 praemii
673 1496 725 1556 vel
745 1499 839 1554 metu
859 1509 968 1570 poenae
991 1497 1141 1553 movetur
1151 1506 1229 1550 ma-

209 1577 260 1653 gis
283 1592 382 1652 quam
413 1573 539 1635 virtutis
560 1591 683 1646 amore,
704 1574 738 1634 fit
760 1583 796 1635 ut
823 1579 948 1636 sanctio
970 1573 1037 1653 legi
1058 1573 1225 1648 apposita,
1313 1612 1315 1639 ;

210 1659 252 1716 sit
286 1656 376 1716 velut
410 1656 597 1715 necessaria
630 1655 774 1714 conditio
815 1655 1018 1714 executionis
1060 1655 1229 1729 cujusque
1313 1710 1315 1719 ,

208 1737 303 1812 legis.
341 1737 454 1811 ltaque
489 1740 526 1794 ut
560 1737 613 1794 lex
641 1735 682 1794 sit
719 1733 846 1807 efficax,
869 1734 976 1810 poenis
997 1733 1050 1794 vel
1071 1731 1227 1808 premiis,
1313 1722 1315 1741 ⁵

154 1818 158 1827 ¹
209 1820 266 1874 aut
287 1816 446 1891 utrisque,
471 1816 588 1876 sanciri
613 1812 724 1874 debet.
749 1815 811 1874 Per
832 1816 1039 1874 sanctionem
1060 1814 1145 1890 legis
1172 1812 1226 1871 in-

209 1895 366 1972 telligitur
381 1910 472 1972 aequa
495 1898 527 1953 et
550 1895 796 1970 proportionata
817 1908 991 1970 poenarum
1005 1894 1058 1954 vel
1073 1893 1228 1968 praemio-

206 1992 278 2035 rum
301 1975 473 2051 promissio
496 1975 581 2034 illarn
603 1974 803 2035 violantibus
824 1975 878 2034 vel
905 1973 1170 2042 observantibus,
1206 1986 1229 2029 a
1313 2004 1315 2035 !

208 2055 397 2133 legislatore
421 2052 505 2113 facta
528 2059 561 2113 et
581 2053 715 2113 indicta.

210 2178 333 2239 124-
354 2178 471 2237 Tussis.
496 2181 562 2238 Lea
584 2178 745 2239 viaturam
768 2181 893 2238 sanciri
911 2178 1000 2237 debet
1024 2178 1174 2252 praenatis
1197 2183 1230 2234 et
1313 2181 1315 2242 t

240 2260 345 2333 poenis
361 2274 430 2331 quae
445 2258 490 2317 etl
502 2260 652 2333 futurem
669 2260 773 2317 citent
788 2259 972 2331 pertineant
1313 2288 1315 2302 ι

248 2369 412 2427 Probatur
423 2370 536 2443 prime
547 2385 638 2444 pers.
658 2372 687 2429 1ο
708 2369 798 2427 Deus
819 2370 935 2444 nequit
949 2368 1058 2428 sinere
1072 2372 1110 2427 ut
1122 2368 1229 2427 virtus

185 2522 186 2525 Ἴ
209 2465 226 2507 a
247 2448 335 2516 viti0‚
358 2446 390 2505 in
414 2448 544 2507 entibus
566 2465 584 2507 a
607 2464 642 2508 se
668 2447 948 2523 dependentibus
978 2451 1123 2523 practice
1158 2462 1228 2507 non
1313 2439 1315 2520 ἔ

209 2527 475 2587 discriminentur
498 2546 504 2585 :
529 2528 674 2603 alioquin
696 2530 785 2588 Deus
807 2544 873 2587 non
899 2532 988 2589 esset
1009 2528 1163 2588 sanctitas
1178 2528 1229 2586 in·
1313 2571 1315 2576 -

207 2606 308 2677 finita,
343 2623 413 2682 quae
450 2600 639 2682 permittere
676 2610 792 2685 nequit
826 2608 975 2671 absolute
996 2614 1034 2668 ut
1056 2607 1226 2683 turpitudo
1313 2602 1315 2684 ξ

211 2702 286 2745 omn
307 2687 480 2747 honestate
504 2685 737 2747 confundatur.
760 2691 868 2763 Atqui,
894 2692 920 2749 si
950 2690 1039 2749 Deus
1069 2688 1137 2765 legi
1167 2703 1227 2748 na·
1313 2701 1315 2735 =

210 2765 305 2826 turali
326 2768 531 2826 sanctionem
552 2767 748 2837 nondaret,
771 2768 899 2828 nullum
922 2767 1084 2844 ejusmodi
1114 2783 1226 2827 rema·
1313 2781 1315 2800 ¹

209 2850 305 2906 neret
335 2843 510 2905 discrimen
544 2866 551 2905 :
584 2852 674 2907 esset
703 2850 737 2908 in
772 2847 889 2908 ordine
920 2848 1019 2908 ideali
1051 2864 1111 2907 seu
1144 2863 1227 2908 con·
1313 2910 1315 2926 ,

210 2931 378 3002 ceptuum,
415 2942 483 2985 non
514 2930 626 2986 autem
655 2928 689 2988 in
716 2926 832 2987 ordine
859 2926 939 2987 reali
963 2933 996 2987 et
1016 2927 1174 3005 practico,
1190 2932 1229 2987 ut
1313 2928 1315 2932 ’

209 3022 270 3083 per
291 3020 327 3064 se
350 3008 450 3080 patet.
475 3006 570 3081 Ergo.
1313 3014 1315 3023 '

248 3086 280 3145 2'
316 3084 444 3146 Sanctio
482 3086 580 3144 etiam
614 3088 803 3163 requiritur,
826 3087 875 3146 uti
896 3086 1048 3163 superius
1071 3085 1226 3158 diximus,

208 3169 245 3225 ut
256 3161 433 3223 efficaciter
454 3164 575 3224 subditi
592 3166 635 3225 ad
649 3166 733 3243 legis
749 3167 991 3227 observantiam
1006 3166 1227 3244 impellantur.

248 3243 408 3305 Probatur
423 3246 561 3305 seconde
571 3262 664 3319 pois.
691 3250 720 3307 l⁰
735 3245 861 3305 Sanctio
879 3248 1036 3306 motivum
1060 3244 1228 3306 sufficiens

207 3339 395 3400 proponere
420 3321 521 3384 debet
543 3323 585 3384 ad
607 3325 692 3403 legis
715 3325 997 3396 observationem3
1022 3329 1114 3402 atqui
1144 3342 1229 3401 prae-
1313 3351 1315 3396 ;

208 3403 271 3463 mia
288 3407 345 3462 aut
359 3418 463 3479 poenae
477 3406 546 3463 vite
559 3405 727 3479 praesentis
747 3421 815 3465 uon
836 3406 1050 3481 suppeditant
1069 3408 1226 3467 motivum

210 3480 414 3559 adaquatum
452 3484 690 3546 observationis
724 3490 964 3562 praceptorum
994 3486 1224 3545 naturalium:

209 3578 284 3621 narn
317 3562 518 3640 quandoque
547 3565 650 3625 virtus
681 3566 852 3627 incolumis
883 3566 1004 3626 servari
1025 3581 1093 3627 non
1115 3569 1227 3643 potest

209 3642 270 3704 nisi
292 3657 353 3717 per
369 3642 532 3721 jacturam
554 3644 719 3707 bonorum
749 3646 991 3721 temporalium,
1023 3646 1122 3707 etiam
1151 3646 1225 3707 vite

11 3714 90 3801 rag-4
209 3724 394 3797 praesentis.
417 3723 513 3801 Ergo.
