2642 4250
450 326 556 368 1111101
576 325 747 370 nauseans.
1065 306 1105 367 39

91 440 273 504 firmissima
293 438 414 502 fiducia
435 439 469 501 in
487 438 682 502 sufficientia
701 441 898 513 mediorum,
923 456 995 518 qua
1013 440 1103 500 Deus

91 523 199 583 sciens
230 525 265 581 et
290 523 406 582 volens
430 522 525 582 nohis
555 520 712 599 elargitus
747 527 808 593 est,
845 519 887 580 ad
915 519 1105 596 superanda

93 601 198 662 omnia
214 603 302 663 viam
313 601 425 662 salutis
440 599 687 678 praepedientis.

232 735 251 798 ἓ
270 734 312 788 111.
333 762 370 772 -
391 735 438 787 De.
446 731 592 787 habitibus
610 731 724 803 pravis,
745 746 798 787 seu
817 731 854 786 de
875 731 965 787 vitiis,

132 847 181 910 69.
198 881 239 891 -
254 849 354 909 Homo
369 863 431 925 per
440 847 518 909 vitia
533 847 576 908 ad
590 848 709 907 malum
725 848 909 922 inclinatur,
926 865 994 909 non
1009 863 1108 909 secus

95 945 132 990 ac
157 928 336 1004 impellitur
362 928 406 989 ad
431 928 557 990 bonurn
582 943 643 1003 per
669 930 816 989 virtutes.
851 932 963 1006 ltaque
994 925 1106 989 vitium

98 1007 223 1070 definiri
244 1012 379 1084 potest:
400 1007 490 1068 Maia
512 1007 656 1083 qualitas
675 1014 789 1071 mentis
807 1026 870 1084 qua
887 1009 975 1068 mate
991 1009 1109 1068 uiuitur

95 1093 230 1148 etnemo
245 1089 449 1148 hene-utitur.
472 1087 636 1148 Estveluti
658 1087 808 1164 quadam
830 1087 992 1165 aegritudo
1008 1088 1104 1163 spiri-

97 1167 190 1228 tualis
214 1183 286 1244 quae
305 1168 440 1228 inclinat
455 1166 497 1228 ad
518 1166 724 1243 operandum
743 1173 857 1228 contra
876 1166 1013 1234 rationis
1023 1183 1104 1242 prae-

96 1252 240 1323 ceptum.
278 1262 316 1306 ao
354 1245 492 1323 proinde
530 1249 581 1308 est
622 1245 745 1323 aliquid
785 1253 898 1308 contra
943 1250 1106 1321 naturam,

97 1325 367 1404 quandoquidem
401 1342 501 1404 agere
538 1329 651 1387 contra
687 1328 848 1388 rationem
884 1329 934 1388 est
975 1327 1107 1401 operari

97 1411 210 1468 contra
224 1406 258 1466 id
273 1422 337 1484 quo
350 1407 500 1466 homines
515 1421 626 1465 sumus
642 1421 703 1466 seu
717 1423 736 1466 a
750 1407 852 1467 brutis
866 1405 1107 1484 distinguimur.

133 1487 185 1548 70.
208 1517 244 1528 -
263 1485 373 1547 Causae
387 1487 536 1546 vitiorum
559 1488 636 1544 sunt
655 1487 708 1546 vel
722 1486 906 1546 intrinsecae
921 1488 974 1546 vel
990 1485 1109 1546 extrin-

96 1582 188 1626 serae.
207 1568 387 1626 intrinseca
403 1569 480 1626 sunt
496 1567 525 1624 1Ο
546 1565 743 1642 ignorantia,
761 1582 832 1642 que
846 1567 960 1626 lumen
974 1566 1109 1627 rationis

97 1646 269 1724 dirigentis
284 1647 478 1722 exstinguit;
501 1646 532 1704 2⁰
547 1645 669 1704 malitia
683 1647 871 1718 voluntatis,
888 1661 959 1721 quae
972 1646 1111 1706 vetitum

97 1722 298 1803 quandoque
310 1725 867 1800 01100110300000111000011011111110,
881 1726 937 1802 qui
947 1728 1111 1786 rationem

96 1812 131 1866 et
143 1805 348 1866 voluntatem
363 1805 482 1864 turbat.
503 1805 661 1864 -Antea
676 1805 775 1865 locuti
794 1821 906 1865 sumus
931 1805 972 1865 de
986 1804 1112 1882 passio-

96 1885 194 1946 nibus
225 1883 281 1962 (11,
316 1883 394 1961 181),
424 1899 494 1961 qnae
519 1888 596 1944 sunt
622 1884 722 1944 varie
750 1887 914 1946 motiones
946 1884 1112 1962 appetitus

98 1963 257 2036 sensitivi,
288 1978 420 2024 necnon
450 1962 492 2023 ad
516 1963 639 2024 bonum
658 1965 712 2025 vel
736 1964 779 2024 ad
809 1966 931 2025 malum
954 1965 1111 2025 inclinare

99 2049 251 2122 possunt.
1000 2092 1002 2095 .

138 2127 336 2186 intrinsecae
350 2126 426 2183 sunt
445 2136 499 2183 res
514 2138 630 2183 omnes
651 2126 832 2185 exteriores
854 2138 929 2202 quoe
944 2122 1112 2184 hominem

97 2204 273 2282 impellunt
283 2201 325 2263 ad
340 2209 511 2279 peccatum
525 2221 532 2261 :
546 2208 622 2263 sunt
635 2200 748 2280 itaque
761 2204 911 2265 diabolus
922 2207 955 2264 et
969 2203 1114 2263 mundus

98 2285 286 2361 theologice
308 2298 368 2343 seu
383 2298 440 2359 pro
462 2282 565 2343 tribus
582 2284 857 2358 concupiscentiis
880 2287 1039 2359 sumptus,
1058 2281 1115 2359 qui

97 2364 265 2425 hominem
289 2363 441 2423 continuo
460 2360 586 2422 influxu
599 2362 774 2440 impellunt
797 2362 840 2423 ad
863 2364 997 2436 malum,
1014 2368 1114 2439 atque

99 2443 322 2505 determinant
335 2442 466 2502 habitus
480 2457 610 2518 pravos
897 2510 899 2516 Ι

139 2524 191 2584 71.
215 2556 255 2565 -
279 2521 451 2600 Ohjectum
476 2522 542 2583 vitii
566 2525 617 2581 est
640 2520 762 2581 bonum
788 2518 1030 2589 deordinatum‚
1055 2536 1116 2581 seu

100 2601 193 2680 quod
208 2606 321 2664 contra
336 2600 487 2661 ordinem
501 2604 630 2661 rectum
643 2599 879 2676 possideretur.
905 2600 971 2661 Sed
990 2600 1117 2661 bonurn

100 2686 307 2759 potestesse
330 2680 384 2742 vel
406 2680 577 2757 spirituale
599 2680 651 2739 vel
674 2682 855 2755 corporato,
877 2681 1018 2758 ideoque
1040 2679 1117 2741 vitia

101 2762 288 2842 generatim
312 2758 412 2821 dividi
434 2760 543 2821 solent
564 2761 598 2819 in
622 2760 814 2835 spiritualia,
842 2776 913 2837 quaa
934 2762 966 2821 in
991 2760 1117 2821 bonum

103 2842 285 2918 spirituale,
313 2856 345 2912 v,
374 2856 407 2917 g,
445 2837 578 2907 famam,
613 2840 786 2911 honorem,
819 2844 892 2912 etc,
924 2838 1116 2900 deordinata

101 2920 292 2991 intendunt,
313 2924 346 2980 et
360 2919 394 2979 in
415 2919 613 2994 corporalia,
637 2934 708 2995 quae
725 2920 851 2979 honum
876 2920 1058 2994 corporale,
1081 2924 1118 2979 ut

104 3002 342 3063 delectationes
354 2999 652 3077 gustusveltaotus
664 2998 848 3061 inordinate
859 3002 1115 3076 prosequuntur.

141 3080 279 3151 Vitium,
297 3080 423 3140 ratione
446 3083 514 3138 tum
528 3078 670 3156 subjecti
690 3084 760 3138 tum
775 3079 898 3157 objecti
920 3082 1116 3154 spectatum,

104 3160 225 3221 eodem
256 3158 353 3218 modo
381 3156 536 3220 dividitur
565 3174 601 3217 ao
619 3160 746 3230 'virtum
771 3157 894 3235 itaque,
931 3161 1016 3220 sicut
1041 3160 1118 3217 sunt

104 3246 247 3317 quatuor
279 3238 505 3313 generaliores
535 3239 684 3308 virtutes
715 3240 760 3300 ita
794 3239 871 3300 vitia
904 3238 938 3298 in
979 3241 1119 3314 quatuor

104 3317 324 3398 generalioria
339 3316 588 3386 distribuuntur,
600 3332 732 3391 nempe,
744 3318 1007 3393 imprudentiam,
1019 3317 1119 3391 inius-

105 3400 224 3467 titiam,
242 3398 521 3472 intemperantiam
533 3398 561 3455 et
575 3397 691 3455 uitium
704 3402 817 3455 contra
829 3396 1064 3472 fortitudinem.

143 3480 196 3540 72.
214 3510 252 3519 —
267 3478 290 3536 1.
307 3478 353 3536 Du
369 3494 578 3538 manuninum.
591 3475 719 3550 Duplici
734 3474 833 3536 modo
850 3479 962 3534 contra
976 3474 1122 3550 pruden-

106 3558 186 3618 tiam
208 3561 376 3633 peooatur‚
396 3572 519 3631 nempe
540 3571 602 3631 per
625 3570 797 3615 excessum
813 3558 847 3615 et
864 3570 926 3629 per
940 3552 1120 3615 defectum.

104 3638 170 3699 Per
184 3634 350 3699 defectum
376 3637 406 3696 l⁰
423 3636 692 3711 praecipitatione,
715 3634 793 3694 dum
813 3649 897 3709 opus
916 3634 1026 3695 statim
1049 3633 1122 3712 quis

106 3716 312 3799 aggreditur,
339 3716 460 3777 omissa
486 3714 743 3788 deliberatione;
767 3716 800 3775 2⁰
821 3714 1121 3789 inconsideratione,
