<?xml version="1.0" encoding="UTF-8"?>
<!DOCTYPE html PUBLIC "-//W3C//DTD XHTML 1.0 Transitional//EN"
    "http://www.w3.org/TR/xhtml1/DTD/xhtml1-transitional.dtd">
<html xmlns="http://www.w3.org/1999/xhtml" xml:lang="en" lang="en">
 <head>
  <title>
</title>
<meta http-equiv="Content-Type" content="text/html;charset=utf-8" />
  <meta name='ocr-system' content='tesseract 3.04.00' />
  <meta name='ocr-capabilities' content='ocr_page ocr_carea ocr_par ocr_line ocrx_word'/>
</head>
<body>
  <div class='ocr_page' id='page_1' title='image "./brevariumphilos00grangoog_0233.png"; bbox 0 0 2642 4250; ppageno 0'>
   <div class='ocr_carea' id='block_1_1' title="bbox 424 272 1128 334">
    <p class='ocr_par' dir='ltr' id='par_1_1' title="bbox 424 272 1128 334">
     <span class='ocr_line' id='line_1_1' title="bbox 424 272 1128 334; baseline -0.009 0"><span class='ocrx_word' id='word_1_1' title='bbox 424 288 562 334; x_wconf 80' lang='lat' dir='ltr'>utsroun</span> <span class='ocrx_word' id='word_1_2' title='bbox 581 285 795 330; x_wconf 77' lang='lat' dir='ltr'>rutmsurnus.</span> <span class='ocrx_word' id='word_1_3' title='bbox 1066 272 1128 334; x_wconf 72' lang='grc'><strong>221</strong></span> 
     </span>
    </p>
   </div>
   <div class='ocr_carea' id='block_1_2' title="bbox 98 401 1128 3442">
    <p class='ocr_par' dir='ltr' id='par_1_2' title="bbox 103 401 1128 962">
     <span class='ocr_line' id='line_1_2' title="bbox 105 401 1126 481; baseline 0.002 -17"><span class='ocrx_word' id='word_1_4' title='bbox 105 405 295 467; x_wconf 86' lang='lat' dir='ltr'>doctrinam</span> <span class='ocrx_word' id='word_1_5' title='bbox 309 404 420 465; x_wconf 78' lang='lat' dir='ltr'>reddit</span> <span class='ocrx_word' id='word_1_6' title='bbox 433 406 610 465; x_wconf 80' lang='lat' dir='ltr'>obscuram</span> <span class='ocrx_word' id='word_1_7' title='bbox 632 403 904 481; x_wconf 77' lang='lat' dir='ltr'>ambiguamque,</span> <span class='ocrx_word' id='word_1_8' title='bbox 924 405 971 464; x_wconf 92' lang='lat' dir='ltr'>ila</span> <span class='ocrx_word' id='word_1_9' title='bbox 987 409 1026 465; x_wconf 91' lang='lat' dir='ltr'>ut</span> <span class='ocrx_word' id='word_1_10' title='bbox 1039 401 1126 466; x_wconf 88' lang='lat' dir='ltr'>diffi-</span> 
     </span>
     <span class='ocr_line' id='line_1_3' title="bbox 109 485 1128 562; baseline 0.004 -18"><span class='ocrx_word' id='word_1_11' title='bbox 109 486 216 546; x_wconf 87' lang='lat' dir='ltr'>culter</span> <span class='ocrx_word' id='word_1_12' title='bbox 230 489 304 562; x_wconf 81' lang='lat' dir='ltr'>ejus</span> <span class='ocrx_word' id='word_1_13' title='bbox 317 501 414 545; x_wconf 89' lang='lat' dir='ltr'>mens</span> <span class='ocrx_word' id='word_1_14' title='bbox 434 491 536 562; x_wconf 90' lang='lat' dir='ltr'>queat</span> <span class='ocrx_word' id='word_1_15' title='bbox 555 486 783 551; x_wconf 86' lang='lat' dir='ltr'>determinari;</span> <span class='ocrx_word' id='word_1_16' title='bbox 807 485 886 544; x_wconf 89' lang='lat' dir='ltr'>inde</span> <span class='ocrx_word' id='word_1_17' title='bbox 909 488 1010 546; x_wconf 89' lang='lat' dir='ltr'>etiam</span> <span class='ocrx_word' id='word_1_18' title='bbox 1029 485 1067 545; x_wconf 89' lang='lat' dir='ltr'>lit</span> <span class='ocrx_word' id='word_1_19' title='bbox 1088 491 1128 548; x_wconf 86' lang='lat' dir='ltr'>ul</span> 
     </span>
     <span class='ocr_line' id='line_1_4' title="bbox 105 564 1127 643; baseline 0.002 -20"><span class='ocrx_word' id='word_1_20' title='bbox 105 568 140 625; x_wconf 91' lang='lat' dir='ltr'>iu</span> <span class='ocrx_word' id='word_1_21' title='bbox 161 566 309 635; x_wconf 85' lang='lat' dir='ltr'>Platone,</span> <span class='ocrx_word' id='word_1_22' title='bbox 324 565 460 642; x_wconf 84' lang='lat' dir='ltr'>quidam</span> <span class='ocrx_word' id='word_1_23' title='bbox 482 567 556 643; x_wconf 84' lang='lat' dir='ltr'>ejus</span> <span class='ocrx_word' id='word_1_24' title='bbox 575 564 792 624; x_wconf 73' lang='lat' dir='ltr'>admiratores</span> <span class='ocrx_word' id='word_1_25' title='bbox 812 567 954 642; x_wconf 82' lang='lat' dir='ltr'>iusignia</span> <span class='ocrx_word' id='word_1_26' title='bbox 976 580 1127 641; x_wconf 87' lang='lat' dir='ltr'>pronun·</span> 
     </span>
     <span class='ocr_line' id='line_1_5' title="bbox 104 644 1124 723; baseline 0.001 -18"><span class='ocrx_word' id='word_1_27' title='bbox 104 648 184 705; x_wconf 90' lang='lat' dir='ltr'>tiata</span> <span class='ocrx_word' id='word_1_28' title='bbox 198 647 379 718; x_wconf 88' lang='lat' dir='ltr'>inveniant,</span> <span class='ocrx_word' id='word_1_29' title='bbox 395 646 575 722; x_wconf 76' lang='lat' dir='ltr'>presertim</span> <span class='ocrx_word' id='word_1_30' title='bbox 588 644 700 719; x_wconf 82' lang='lat' dir='ltr'>quoad</span> <span class='ocrx_word' id='word_1_31' title='bbox 715 651 843 720; x_wconf 72' lang='lat' dir='ltr'>partem</span> <span class='ocrx_word' id='word_1_32' title='bbox 864 645 1124 723; x_wconf 71' lang='lat' dir='ltr'>psycologicam.</span> 
     </span>
     <span class='ocr_line' id='line_1_6' title="bbox 104 723 1124 802; baseline 0.002 -18"><span class='ocrx_word' id='word_1_33' title='bbox 104 727 190 786; x_wconf 81' lang='lat' dir='ltr'>Suas</span> <span class='ocrx_word' id='word_1_34' title='bbox 210 727 391 785; x_wconf 85' lang='lat' dir='ltr'>sententias</span> <span class='ocrx_word' id='word_1_35' title='bbox 404 726 495 783; x_wconf 90' lang='lat' dir='ltr'>Plato</span> <span class='ocrx_word' id='word_1_36' title='bbox 517 727 605 783; x_wconf 87' lang='lat' dir='ltr'>miris</span> <span class='ocrx_word' id='word_1_37' title='bbox 619 723 776 799; x_wconf 75' lang='lat' dir='ltr'>explicuit</span> <span class='ocrx_word' id='word_1_38' title='bbox 790 725 999 802; x_wconf 80' lang='lat' dir='ltr'>ambagibus,</span> <span class='ocrx_word' id='word_1_39' title='bbox 1023 731 1057 785; x_wconf 89' lang='lat' dir='ltr'>et</span> <span class='ocrx_word' id='word_1_40' title='bbox 1075 727 1124 802; x_wconf 92' lang='lat' dir='ltr'>ip-</span> 
     </span>
     <span class='ocr_line' id='line_1_7' title="bbox 103 804 1125 882; baseline 0.004 -19"><span class='ocrx_word' id='word_1_41' title='bbox 103 822 142 864; x_wconf 88' lang='lat' dir='ltr'>se</span> <span class='ocrx_word' id='word_1_42' title='bbox 157 807 361 877; x_wconf 67' lang='lat' dir='ltr'>Aristotcles</span> <span class='ocrx_word' id='word_1_43' title='bbox 376 806 451 882; x_wconf 79' lang='lat' dir='ltr'>cJ&#39;us</span> <span class='ocrx_word' id='word_1_44' title='bbox 472 805 666 878; x_wconf 83' lang='lat' dir='ltr'>discipulus,</span> <span class='ocrx_word' id='word_1_45' title='bbox 683 821 804 864; x_wconf 87' lang='lat' dir='ltr'>arcana</span> <span class='ocrx_word' id='word_1_46' title='bbox 817 804 861 864; x_wconf 90' lang='lat' dir='ltr'>de</span> <span class='ocrx_word' id='word_1_47' title='bbox 883 807 968 864; x_wconf 82' lang='lat' dir='ltr'>ideis</span> <span class='ocrx_word' id='word_1_48' title='bbox 992 807 1125 867; x_wconf 85' lang='lat' dir='ltr'>somnia</span> 
     </span>
     <span class='ocr_line' id='line_1_8' title="bbox 109 887 673 962; baseline -0.007 -16"><span class='ocrx_word' id='word_1_49' title='bbox 109 901 228 946; x_wconf 90' lang='lat' dir='ltr'>vocare</span> <span class='ocrx_word' id='word_1_50' title='bbox 241 901 344 944; x_wconf 90' lang='lat' dir='ltr'>ausus</span> <span class='ocrx_word' id='word_1_51' title='bbox 356 892 408 944; x_wconf 90' lang='lat' dir='ltr'>est</span> <span class='ocrx_word' id='word_1_52' title='bbox 420 907 599 962; x_wconf 63' lang='grc' dir='ltr'>τερετισμιτι</span> <span class='ocrx_word' id='word_1_53' title='bbox 618 887 673 961; x_wconf 66' lang='lat' dir='ltr'>(lj.</span> 
     </span>
    </p>

    <p class='ocr_par' dir='ltr' id='par_1_3' title="bbox 102 963 1123 1518">
     <span class='ocr_line' id='line_1_9' title="bbox 147 963 1123 1042; baseline 0.001 -18"><span class='ocrx_word' id='word_1_54' title='bbox 147 966 183 1024; x_wconf 91' lang='lat' dir='ltr'>ln</span> <span class='ocrx_word' id='word_1_55' title='bbox 205 967 411 1041; x_wconf 88' lang='lat' dir='ltr'>turpissimos</span> <span class='ocrx_word' id='word_1_56' title='bbox 432 980 563 1023; x_wconf 85' lang='lat' dir='ltr'>errores</span> <span class='ocrx_word' id='word_1_57' title='bbox 576 971 692 1022; x_wconf 88' lang='lat' dir='ltr'>contra</span> <span class='ocrx_word' id='word_1_58' title='bbox 712 964 825 1039; x_wconf 81' lang='lat' dir='ltr'>legem</span> <span class='ocrx_word' id='word_1_59' title='bbox 846 963 1032 1024; x_wconf 72' lang='lat' dir='ltr'>naturalem</span> <span class='ocrx_word' id='word_1_60' title='bbox 1053 965 1123 1042; x_wconf 90' lang='lat' dir='ltr'>lap-</span> 
     </span>
     <span class='ocr_line' id='line_1_10' title="bbox 105 1045 1123 1120; baseline 0.003 -18"><span class='ocrx_word' id='word_1_61' title='bbox 105 1060 164 1104; x_wconf 90' lang='lat' dir='ltr'>sus</span> <span class='ocrx_word' id='word_1_62' title='bbox 186 1050 253 1117; x_wconf 84' lang='lat' dir='ltr'>est;</span> <span class='ocrx_word' id='word_1_63' title='bbox 276 1045 558 1120; x_wconf 79' lang='lat' dir='ltr'>perversissimam</span> <span class='ocrx_word' id='word_1_64' title='bbox 578 1060 708 1102; x_wconf 88' lang='lat' dir='ltr'>morum</span> <span class='ocrx_word' id='word_1_65' title='bbox 730 1045 914 1104; x_wconf 87' lang='lat' dir='ltr'>doctrinam</span> <span class='ocrx_word' id='word_1_66' title='bbox 935 1047 969 1102; x_wconf 90' lang='lat' dir='ltr'>in</span> <span class='ocrx_word' id='word_1_67' title='bbox 984 1046 1123 1120; x_wconf 85' lang='lat' dir='ltr'>quihus-</span> 
     </span>
     <span class='ocr_line' id='line_1_11' title="bbox 109 1124 1121 1200; baseline 0.001 -17"><span class='ocrx_word' id='word_1_68' title='bbox 109 1124 181 1183; x_wconf 86' lang='lat' dir='ltr'>dam</span> <span class='ocrx_word' id='word_1_69' title='bbox 208 1125 311 1196; x_wconf 90' lang='lat' dir='ltr'>libris,</span> <span class='ocrx_word' id='word_1_70' title='bbox 343 1125 522 1200; x_wconf 78' lang='lat' dir='ltr'>presertim</span> <span class='ocrx_word' id='word_1_71' title='bbox 542 1128 576 1182; x_wconf 90' lang='lat' dir='ltr'>in</span> <span class='ocrx_word' id='word_1_72' title='bbox 596 1139 657 1183; x_wconf 90' lang='lat' dir='ltr'>sua</span> <span class='ocrx_word' id='word_1_73' title='bbox 678 1125 857 1197; x_wconf 77' lang='lat' dir='ltr'>Republica</span> <span class='ocrx_word' id='word_1_74' title='bbox 880 1125 1034 1195; x_wconf 77' lang='lat' dir='ltr'>inculcat,</span> <span class='ocrx_word' id='word_1_75' title='bbox 1057 1129 1121 1185; x_wconf 91' lang='lat' dir='ltr'>etsi</span> 
     </span>
     <span class='ocr_line' id='line_1_12' title="bbox 107 1203 1123 1280; baseline 0.003 -18"><span class='ocrx_word' id='word_1_76' title='bbox 107 1204 182 1263; x_wconf 90' lang='lat' dir='ltr'>alibi</span> <span class='ocrx_word' id='word_1_77' title='bbox 199 1203 320 1264; x_wconf 91' lang='lat' dir='ltr'>doceat</span> <span class='ocrx_word' id='word_1_78' title='bbox 340 1203 421 1263; x_wconf 92' lang='lat' dir='ltr'>illud</span> <span class='ocrx_word' id='word_1_79' title='bbox 442 1206 550 1264; x_wconf 89' lang='lat' dir='ltr'>solum</span> <span class='ocrx_word' id='word_1_80' title='bbox 571 1220 645 1262; x_wconf 89' lang='lat' dir='ltr'>esse</span> <span class='ocrx_word' id='word_1_81' title='bbox 671 1203 797 1262; x_wconf 89' lang='lat' dir='ltr'>bouum</span> <span class='ocrx_word' id='word_1_82' title='bbox 817 1205 908 1280; x_wconf 84' lang='lat' dir='ltr'>quod</span> <span class='ocrx_word' id='word_1_83' title='bbox 931 1210 982 1263; x_wconf 90' lang='lat' dir='ltr'>est</span> <span class='ocrx_word' id='word_1_84' title='bbox 1002 1205 1123 1265; x_wconf 88' lang='lat' dir='ltr'>hones-</span> 
     </span>
     <span class='ocr_line' id='line_1_13' title="bbox 103 1282 1119 1360; baseline 0.002 -18"><span class='ocrx_word' id='word_1_85' title='bbox 103 1289 185 1356; x_wconf 83' lang='lat' dir='ltr'>tum,</span> <span class='ocrx_word' id='word_1_86' title='bbox 208 1285 362 1345; x_wconf 68' lang='lat' dir='ltr'>uirtutem</span> <span class='ocrx_word' id='word_1_87' title='bbox 383 1301 444 1359; x_wconf 91' lang='lat' dir='ltr'>per</span> <span class='ocrx_word' id='word_1_88' title='bbox 463 1300 501 1343; x_wconf 91' lang='lat' dir='ltr'>se</span> <span class='ocrx_word' id='word_1_89' title='bbox 516 1300 590 1343; x_wconf 86' lang='lat' dir='ltr'>esse</span> <span class='ocrx_word' id='word_1_90' title='bbox 612 1283 814 1360; x_wconf 77' lang='lat' dir='ltr'>eligendam,</span> <span class='ocrx_word' id='word_1_91' title='bbox 836 1293 871 1343; x_wconf 90' lang='lat' dir='ltr'>et</span> <span class='ocrx_word' id='word_1_92' title='bbox 889 1282 990 1343; x_wconf 86' lang='lat' dir='ltr'>finem</span> <span class='ocrx_word' id='word_1_93' title='bbox 1012 1286 1119 1344; x_wconf 90' lang='lat' dir='ltr'>scien-</span> 
     </span>
     <span class='ocr_line' id='line_1_14' title="bbox 102 1364 1121 1440; baseline 0.002 -18"><span class='ocrx_word' id='word_1_94' title='bbox 102 1366 150 1425; x_wconf 84' lang='lat' dir='ltr'>tiae</span> <span class='ocrx_word' id='word_1_95' title='bbox 178 1377 255 1424; x_wconf 88' lang='lat' dir='ltr'>esse</span> <span class='ocrx_word' id='word_1_96' title='bbox 283 1381 345 1424; x_wconf 88' lang='lat' dir='ltr'>nos</span> <span class='ocrx_word' id='word_1_97' title='bbox 368 1365 438 1423; x_wconf 88' lang='lat' dir='ltr'>Deo</span> <span class='ocrx_word' id='word_1_98' title='bbox 467 1364 540 1440; x_wconf 90' lang='lat' dir='ltr'>ipsi,</span> <span class='ocrx_word' id='word_1_99' title='bbox 570 1364 684 1440; x_wconf 86' lang='lat' dir='ltr'>quoad</span> <span class='ocrx_word' id='word_1_100' title='bbox 715 1365 841 1423; x_wconf 88' lang='lat' dir='ltr'>homini</span> <span class='ocrx_word' id='word_1_101' title='bbox 874 1364 1033 1440; x_wconf 79' lang='lat' dir='ltr'>possibile</span> <span class='ocrx_word' id='word_1_102' title='bbox 1056 1369 1121 1440; x_wconf 87' lang='lat' dir='ltr'>cst,</span> 
     </span>
     <span class='ocr_line' id='line_1_15' title="bbox 105 1443 466 1518; baseline -0.006 -15"><span class='ocrx_word' id='word_1_103' title='bbox 105 1443 300 1514; x_wconf 82' lang='lat' dir='ltr'>assimilare,</span> <span class='ocrx_word' id='word_1_104' title='bbox 325 1449 389 1504; x_wconf 89' lang='lat' dir='ltr'>etc.</span> <span class='ocrx_word' id='word_1_105' title='bbox 416 1445 466 1518; x_wconf 73' lang='grc'><strong>12).</strong></span> 
     </span>
    </p>

    <p class='ocr_par' dir='ltr' id='par_1_4' title="bbox 101 1523 1122 2559">
     <span class='ocr_line' id='line_1_16' title="bbox 140 1523 1122 1599; baseline 0.001 -16"><span class='ocrx_word' id='word_1_106' title='bbox 140 1525 438 1584; x_wconf 77' lang='lat' dir='ltr'>Aristoteles.Natiis</span> <span class='ocrx_word' id='word_1_107' title='bbox 453 1527 505 1582; x_wconf 87' lang='lat' dir='ltr'>est</span> <span class='ocrx_word' id='word_1_108' title='bbox 517 1524 580 1582; x_wconf 88' lang='lat' dir='ltr'>iste</span> <span class='ocrx_word' id='word_1_109' title='bbox 593 1523 811 1599; x_wconf 69' lang='lat' dir='ltr'>philosophus</span> <span class='ocrx_word' id='word_1_110' title='bbox 822 1523 967 1596; x_wconf 68' lang='lat' dir='ltr'>sugite,</span> <span class='ocrx_word' id='word_1_111' title='bbox 977 1523 1122 1584; x_wconf 74' lang='lat' dir='ltr'>Thracia</span> 
     </span>
     <span class='ocr_line' id='line_1_17' title="bbox 105 1603 1122 1681; baseline 0.002 -20"><span class='ocrx_word' id='word_1_112' title='bbox 105 1604 137 1662; x_wconf 91' lang='grc'>111</span> <span class='ocrx_word' id='word_1_113' title='bbox 161 1605 247 1663; x_wconf 92' lang='lat' dir='ltr'>urbe</span> <span class='ocrx_word' id='word_1_114' title='bbox 261 1605 333 1681; x_wconf 75' lang='lat'><strong>(385</strong></span> <span class='ocrx_word' id='word_1_115' title='bbox 355 1611 433 1663; x_wconf 88' lang='lat' dir='ltr'>ante</span> <span class='ocrx_word' id='word_1_116' title='bbox 448 1603 588 1678; x_wconf 80' lang='lat' dir='ltr'>Christ).</span> <span class='ocrx_word' id='word_1_117' title='bbox 612 1603 782 1663; x_wconf 74' lang='lat' dir='ltr'>Medicinae</span> <span class='ocrx_word' id='word_1_118' title='bbox 805 1605 837 1662; x_wconf 90' lang='lat' dir='ltr'>in</span> <span class='ocrx_word' id='word_1_119' title='bbox 853 1605 968 1681; x_wconf 92' lang='lat' dir='ltr'>primis</span> <span class='ocrx_word' id='word_1_120' title='bbox 982 1620 1122 1678; x_wconf 84' lang='lat' dir='ltr'>operam</span> 
     </span>
     <span class='ocr_line' id='line_1_18' title="bbox 106 1682 1122 1759; baseline 0.001 -16"><span class='ocrx_word' id='word_1_121' title='bbox 106 1684 260 1756; x_wconf 89' lang='lat' dir='ltr'>contulit;</span> <span class='ocrx_word' id='word_1_122' title='bbox 286 1682 408 1744; x_wconf 90' lang='lat' dir='ltr'>deinde</span> <span class='ocrx_word' id='word_1_123' title='bbox 439 1684 651 1759; x_wconf 78' lang='lat' dir='ltr'>philosophie</span> <span class='ocrx_word' id='word_1_124' title='bbox 678 1700 715 1742; x_wconf 87' lang='lat' dir='ltr'>se</span> <span class='ocrx_word' id='word_1_125' title='bbox 744 1683 850 1752; x_wconf 91' lang='lat' dir='ltr'>dedit;</span> <span class='ocrx_word' id='word_1_126' title='bbox 884 1683 927 1743; x_wconf 92' lang='lat' dir='ltr'>ad</span> <span class='ocrx_word' id='word_1_127' title='bbox 952 1684 1122 1744; x_wconf 91' lang='lat' dir='ltr'>Platonem</span> 
     </span>
     <span class='ocr_line' id='line_1_19' title="bbox 105 1762 1121 1840; baseline 0.003 -19"><span class='ocrx_word' id='word_1_128' title='bbox 105 1777 186 1840; x_wconf 83' lang='lat' dir='ltr'>ergo</span> <span class='ocrx_word' id='word_1_129' title='bbox 201 1762 304 1835; x_wconf 86' lang='lat' dir='ltr'>venit,</span> <span class='ocrx_word' id='word_1_130' title='bbox 327 1768 362 1823; x_wconf 92' lang='lat' dir='ltr'>et</span> <span class='ocrx_word' id='word_1_131' title='bbox 383 1764 500 1840; x_wconf 83' lang='lat' dir='ltr'>viginti</span> <span class='ocrx_word' id='word_1_132' title='bbox 520 1779 626 1822; x_wconf 80' lang='lat' dir='ltr'>annos</span> <span class='ocrx_word' id='word_1_133' title='bbox 650 1763 865 1824; x_wconf 82' lang='lat' dir='ltr'>Academiam</span> <span class='ocrx_word' id='word_1_134' title='bbox 883 1764 1121 1840; x_wconf 81' lang='lat' dir='ltr'>frequentavit.</span> 
     </span>
     <span class='ocr_line' id='line_1_20' title="bbox 103 1842 1122 1922; baseline -0.003 -15"><span class='ocrx_word' id='word_1_135' title='bbox 103 1843 199 1907; x_wconf 78' lang='lat' dir='ltr'>Adeo</span> <span class='ocrx_word' id='word_1_136' title='bbox 228 1859 308 1904; x_wconf 84' lang='lat' dir='ltr'>vero</span> <span class='ocrx_word' id='word_1_137' title='bbox 328 1842 448 1922; x_wconf 83' lang='lat' dir='ltr'>judicii</span> <span class='ocrx_word' id='word_1_138' title='bbox 476 1860 541 1920; x_wconf 90' lang='lat' dir='ltr'>quo</span> <span class='ocrx_word' id='word_1_139' title='bbox 572 1844 721 1918; x_wconf 89' lang='lat' dir='ltr'>pollebat</span> <span class='ocrx_word' id='word_1_140' title='bbox 748 1845 900 1904; x_wconf 85' lang='lat' dir='ltr'>acumine</span> <span class='ocrx_word' id='word_1_141' title='bbox 930 1853 963 1904; x_wconf 87' lang='lat' dir='ltr'>et</span> <span class='ocrx_word' id='word_1_142' title='bbox 994 1846 1122 1922; x_wconf 87' lang='lat' dir='ltr'>ingenii</span> 
     </span>
     <span class='ocr_line' id='line_1_21' title="bbox 105 1923 1118 2000; baseline 0.002 -18"><span class='ocrx_word' id='word_1_143' title='bbox 105 1924 273 2000; x_wconf 80' lang='lat' dir='ltr'>elegantia</span> <span class='ocrx_word' id='word_1_144' title='bbox 293 1939 331 1982; x_wconf 89' lang='lat' dir='ltr'>se</span> <span class='ocrx_word' id='word_1_145' title='bbox 353 1925 478 1983; x_wconf 83' lang='lat' dir='ltr'>Platoni</span> <span class='ocrx_word' id='word_1_146' title='bbox 498 1923 755 1994; x_wconf 77' lang='lat' dir='ltr'>commendavit,</span> <span class='ocrx_word' id='word_1_147' title='bbox 778 1931 816 1983; x_wconf 90' lang='lat' dir='ltr'>ut</span> <span class='ocrx_word' id='word_1_148' title='bbox 829 1925 871 1984; x_wconf 91' lang='lat' dir='ltr'>ab</span> <span class='ocrx_word' id='word_1_149' title='bbox 893 1927 956 1984; x_wconf 92' lang='lat' dir='ltr'>islo</span> <span class='ocrx_word' id='word_1_150' title='bbox 980 1940 1118 1984; x_wconf 78' lang='lat' dir='ltr'>vocare-</span> 
     </span>
     <span class='ocr_line' id='line_1_22' title="bbox 105 2004 1120 2082; baseline 0.005 -22"><span class='ocrx_word' id='word_1_151' title='bbox 105 2007 158 2063; x_wconf 90' lang='lat' dir='ltr'>tur</span> <span class='ocrx_word' id='word_1_152' title='bbox 174 2018 269 2063; x_wconf 89' lang='lat' dir='ltr'>mens</span> <span class='ocrx_word' id='word_1_153' title='bbox 282 2005 376 2063; x_wconf 91' lang='lat' dir='ltr'>schol</span> <span class='ocrx_word' id='word_1_154' title='bbox 396 2025 412 2063; x_wconf 93' lang='grc'>·.</span> <span class='ocrx_word' id='word_1_155' title='bbox 434 2004 588 2061; x_wconf 78' lang='lat' dir='ltr'>Nonnulli</span> <span class='ocrx_word' id='word_1_156' title='bbox 609 2009 742 2062; x_wconf 78' lang='lat' dir='ltr'>veteres</span> <span class='ocrx_word' id='word_1_157' title='bbox 763 2020 782 2062; x_wconf 94' lang='lat' dir='ltr'>a</span> <span class='ocrx_word' id='word_1_158' title='bbox 804 2004 898 2082; x_wconf 86' lang='lat' dir='ltr'>Diog.</span> <span class='ocrx_word' id='word_1_159' title='bbox 923 2005 1048 2063; x_wconf 88' lang='lat' dir='ltr'>Laertio</span> <span class='ocrx_word' id='word_1_160' title='bbox 1064 2021 1120 2065; x_wconf 91' lang='lat' dir='ltr'>re·</span> 
     </span>
     <span class='ocr_line' id='line_1_23' title="bbox 104 2082 1121 2162; baseline 0.004 -21"><span class='ocrx_word' id='word_1_161' title='bbox 104 2083 160 2143; x_wconf 87' lang='lat' dir='ltr'>lati</span> <span class='ocrx_word' id='word_1_162' title='bbox 183 2082 238 2162; x_wconf 84' lang='lat'>(3),</span> <span class='ocrx_word' id='word_1_163' title='bbox 261 2083 396 2144; x_wconf 89' lang='lat' dir='ltr'>tradunt</span> <span class='ocrx_word' id='word_1_164' title='bbox 421 2089 511 2143; x_wconf 88' lang='lat' dir='ltr'>ortas</span> <span class='ocrx_word' id='word_1_165' title='bbox 532 2082 634 2143; x_wconf 82' lang='lat' dir='ltr'>tuisse</span> <span class='ocrx_word' id='word_1_166' title='bbox 661 2083 886 2145; x_wconf 82' lang='lat' dir='ltr'>dissensiones</span> <span class='ocrx_word' id='word_1_167' title='bbox 906 2084 994 2143; x_wconf 89' lang='lat' dir='ltr'>inter</span> <span class='ocrx_word' id='word_1_168' title='bbox 1016 2084 1121 2145; x_wconf 89' lang='lat' dir='ltr'>Plato·</span> 
     </span>
     <span class='ocr_line' id='line_1_24' title="bbox 103 2163 1120 2240; baseline 0.005 -21"><span class='ocrx_word' id='word_1_169' title='bbox 103 2178 181 2223; x_wconf 86' lang='lat' dir='ltr'>nem</span> <span class='ocrx_word' id='word_1_170' title='bbox 196 2172 230 2222; x_wconf 92' lang='lat' dir='ltr'>et</span> <span class='ocrx_word' id='word_1_171' title='bbox 242 2165 453 2224; x_wconf 82' lang='lat' dir='ltr'>Aristotelem</span> <span class='ocrx_word' id='word_1_172' title='bbox 474 2185 482 2223; x_wconf 76' lang='grc' dir='ltr'>ε</span> <span class='ocrx_word' id='word_1_173' title='bbox 505 2169 584 2222; x_wconf 80' lang='lat' dir='ltr'>tunc</span> <span class='ocrx_word' id='word_1_174' title='bbox 606 2163 786 2238; x_wconf 81' lang='lat' dir='ltr'>discipulus</span> <span class='ocrx_word' id='word_1_175' title='bbox 807 2165 995 2239; x_wconf 81' lang='lat' dir='ltr'>sophisticis</span> <span class='ocrx_word' id='word_1_176' title='bbox 1016 2180 1120 2240; x_wconf 82' lang='lat' dir='ltr'>quaes-</span> 
     </span>
     <span class='ocr_line' id='line_1_25' title="bbox 103 2242 1120 2321; baseline 0.003 -21"><span class='ocrx_word' id='word_1_177' title='bbox 103 2243 246 2302; x_wconf 86' lang='lat' dir='ltr'>tionibus</span> <span class='ocrx_word' id='word_1_178' title='bbox 259 2250 293 2302; x_wconf 89' lang='lat' dir='ltr'>et</span> <span class='ocrx_word' id='word_1_179' title='bbox 312 2242 437 2303; x_wconf 87' lang='lat' dir='ltr'>insidiis</span> <span class='ocrx_word' id='word_1_180' title='bbox 458 2249 652 2321; x_wconf 80' lang='lat' dir='ltr'>magstrum</span> <span class='ocrx_word' id='word_1_181' title='bbox 677 2244 899 2311; x_wconf 79' lang='lat' dir='ltr'>adoriebatur,</span> <span class='ocrx_word' id='word_1_182' title='bbox 923 2260 961 2303; x_wconf 91' lang='lat' dir='ltr'>ac</span> <span class='ocrx_word' id='word_1_183' title='bbox 982 2244 1120 2304; x_wconf 90' lang='lat' dir='ltr'>demum</span> 
     </span>
     <span class='ocr_line' id='line_1_26' title="bbox 101 2322 1121 2401; baseline 0.003 -20"><span class='ocrx_word' id='word_1_184' title='bbox 101 2324 142 2381; x_wconf 88' lang='lat' dir='ltr'>ab</span> <span class='ocrx_word' id='word_1_185' title='bbox 163 2324 219 2382; x_wconf 91' lang='lat' dir='ltr'>illo</span> <span class='ocrx_word' id='word_1_186' title='bbox 241 2340 316 2383; x_wconf 89' lang='lat' dir='ltr'>sese</span> <span class='ocrx_word' id='word_1_187' title='bbox 331 2325 523 2401; x_wconf 80' lang='lat' dir='ltr'>segregavit</span> <span class='ocrx_word' id='word_1_188' title='bbox 537 2329 571 2382; x_wconf 88' lang='lat' dir='ltr'>et</span> <span class='ocrx_word' id='word_1_189' title='bbox 591 2324 738 2383; x_wconf 89' lang='lat' dir='ltr'>scholam</span> <span class='ocrx_word' id='word_1_190' title='bbox 753 2326 983 2400; x_wconf 87' lang='lat' dir='ltr'>particularem</span> <span class='ocrx_word' id='word_1_191' title='bbox 1002 2322 1121 2384; x_wconf 79' lang='lat' dir='ltr'>funda·</span> 
     </span>
     <span class='ocr_line' id='line_1_27' title="bbox 101 2401 1119 2482; baseline 0.004 -21"><span class='ocrx_word' id='word_1_192' title='bbox 101 2406 156 2471; x_wconf 81' lang='lat' dir='ltr'>vil,</span> <span class='ocrx_word' id='word_1_193' title='bbox 180 2419 252 2479; x_wconf 81' lang='lat' dir='ltr'>qun</span> <span class='ocrx_word' id='word_1_194' title='bbox 273 2406 418 2482; x_wconf 85' lang='lat' dir='ltr'>Lyceum</span> <span class='ocrx_word' id='word_1_195' title='bbox 440 2409 558 2463; x_wconf 83' lang='lat' dir='ltr'>vocata</span> <span class='ocrx_word' id='word_1_196' title='bbox 577 2401 649 2475; x_wconf 83' lang='lat' dir='ltr'>fuit,</span> <span class='ocrx_word' id='word_1_197' title='bbox 674 2420 715 2463; x_wconf 80' lang='lat' dir='ltr'>ex</span> <span class='ocrx_word' id='word_1_198' title='bbox 737 2406 808 2463; x_wconf 89' lang='lat' dir='ltr'>loco</span> <span class='ocrx_word' id='word_1_199' title='bbox 838 2406 1041 2465; x_wconf 85' lang='lat' dir='ltr'>Athenarum</span> <span class='ocrx_word' id='word_1_200' title='bbox 1062 2404 1119 2465; x_wconf 88' lang='lat' dir='ltr'>ubi</span> 
     </span>
     <span class='ocr_line' id='line_1_28' title="bbox 102 2484 429 2559; baseline 0.003 -18"><span class='ocrx_word' id='word_1_201' title='bbox 102 2484 255 2559; x_wconf 81' lang='lat' dir='ltr'>Stagirlta</span> <span class='ocrx_word' id='word_1_202' title='bbox 275 2484 429 2543; x_wconf 90' lang='lat' dir='ltr'>docebat.</span> 
     </span>
    </p>

    <p class='ocr_par' dir='ltr' id='par_1_5' title="bbox 98 2561 1118 3276">
     <span class='ocr_line' id='line_1_29' title="bbox 141 2561 1118 2639; baseline 0.002 -19"><span class='ocrx_word' id='word_1_203' title='bbox 141 2563 313 2623; x_wconf 83' lang='lat' dir='ltr'>Praelectio</span> <span class='ocrx_word' id='word_1_204' title='bbox 352 2581 414 2623; x_wconf 88' lang='lat' dir='ltr'>seu</span> <span class='ocrx_word' id='word_1_205' title='bbox 442 2566 618 2639; x_wconf 75' lang='lat' dir='ltr'>preceptio</span> <span class='ocrx_word' id='word_1_206' title='bbox 653 2566 813 2623; x_wconf 89' lang='lat' dir='ltr'>matulina</span> <span class='ocrx_word' id='word_1_207' title='bbox 846 2561 946 2623; x_wconf 89' lang='lat' dir='ltr'>modo</span> <span class='ocrx_word' id='word_1_208' title='bbox 982 2565 1118 2623; x_wconf 90' lang='lat' dir='ltr'>omnino</span> 
     </span>
     <span class='ocr_line' id='line_1_30' title="bbox 101 2641 1118 2719; baseline 0.001 -19"><span class='ocrx_word' id='word_1_209' title='bbox 101 2641 282 2702; x_wconf 87' lang='lat' dir='ltr'>scientifico</span> <span class='ocrx_word' id='word_1_210' title='bbox 304 2642 507 2712; x_wconf 85' lang='lat' dir='ltr'>tradebatur,</span> <span class='ocrx_word' id='word_1_211' title='bbox 527 2649 629 2718; x_wconf 85' lang='lat' dir='ltr'>alque</span> <span class='ocrx_word' id='word_1_212' title='bbox 642 2646 838 2704; x_wconf 78' lang='lat' dir='ltr'>versabatur</span> <span class='ocrx_word' id='word_1_213' title='bbox 860 2646 946 2702; x_wconf 90' lang='lat' dir='ltr'>circa</span> <span class='ocrx_word' id='word_1_214' title='bbox 968 2644 1118 2719; x_wconf 78' lang='lat' dir='ltr'>questio-</span> 
     </span>
     <span class='ocr_line' id='line_1_31' title="bbox 102 2722 1118 2801; baseline 0.002 -22"><span class='ocrx_word' id='word_1_215' title='bbox 102 2737 161 2781; x_wconf 88' lang='lat' dir='ltr'>nes</span> <span class='ocrx_word' id='word_1_216' title='bbox 183 2722 405 2785; x_wconf 86' lang='lat' dir='ltr'>arduissiuas</span> <span class='ocrx_word' id='word_1_217' title='bbox 434 2724 645 2783; x_wconf 69' lang='lat' dir='ltr'>locabantur</span> <span class='ocrx_word' id='word_1_218' title='bbox 674 2724 742 2783; x_wconf 73' lang='lat' dir='ltr'>istae</span> <span class='ocrx_word' id='word_1_219' title='bbox 772 2722 1011 2799; x_wconf 87' lang='lat' dir='ltr'>disputationes</span> <span class='ocrx_word' id='word_1_220' title='bbox 1042 2724 1118 2801; x_wconf 66' lang='lat' dir='ltr'>lopez</span> 
     </span>
     <span class='ocr_line' id='line_1_32' title="bbox 101 2802 1118 2881; baseline 0.004 -22"><span class='ocrx_word' id='word_1_221' title='bbox 101 2824 305 2881; x_wconf 61' lang='grc' dir='ltr'>ακρυαμιταα,</span> <span class='ocrx_word' id='word_1_222' title='bbox 330 2802 392 2862; x_wconf 88' lang='lat' dir='ltr'>sed</span> <span class='ocrx_word' id='word_1_223' title='bbox 420 2819 479 2877; x_wconf 85' lang='lat' dir='ltr'>pro</span> <span class='ocrx_word' id='word_1_224' title='bbox 501 2804 683 2862; x_wconf 87' lang='lat' dir='ltr'>initialiset</span> <span class='ocrx_word' id='word_1_225' title='bbox 698 2804 813 2863; x_wconf 82' lang='lat' dir='ltr'>electis</span> <span class='ocrx_word' id='word_1_226' title='bbox 836 2807 974 2863; x_wconf 89' lang='lat' dir='ltr'>lantum</span> <span class='ocrx_word' id='word_1_227' title='bbox 998 2804 1118 2880; x_wconf 91' lang='lat' dir='ltr'>Dispu-</span> 
     </span>
     <span class='ocr_line' id='line_1_33' title="bbox 101 2882 1117 2960; baseline 0.004 -22"><span class='ocrx_word' id='word_1_228' title='bbox 101 2885 243 2943; x_wconf 76' lang='lat' dir='ltr'>tationes</span> <span class='ocrx_word' id='word_1_229' title='bbox 264 2884 469 2957; x_wconf 70' lang='lat' dir='ltr'>uespertinae,</span> <span class='ocrx_word' id='word_1_230' title='bbox 490 2884 599 2959; x_wconf 86' lang='lat' dir='ltr'>magis</span> <span class='ocrx_word' id='word_1_231' title='bbox 612 2882 655 2942; x_wconf 93' lang='lat' dir='ltr'>ad</span> <span class='ocrx_word' id='word_1_232' title='bbox 670 2882 759 2960; x_wconf 82' lang='lat' dir='ltr'>tulgi</span> <span class='ocrx_word' id='word_1_233' title='bbox 781 2895 916 2941; x_wconf 86' lang='lat' dir='ltr'>sensum</span> <span class='ocrx_word' id='word_1_234' title='bbox 932 2900 1117 2943; x_wconf 89' lang='lat' dir='ltr'>accommo-</span> 
     </span>
     <span class='ocr_line' id='line_1_34' title="bbox 100 2959 1117 3043; baseline 0.002 -24"><span class='ocrx_word' id='word_1_235' title='bbox 100 2959 192 3029; x_wconf 79' lang='lat' dir='ltr'>date,</span> <span class='ocrx_word' id='word_1_236' title='bbox 229 2963 476 3022; x_wconf 90' lang='lat' dir='ltr'>vocabantur</span> <span class='ocrx_word' id='word_1_237' title='bbox 464 2963 733 3043; x_wconf 62' lang='grc' dir='ltr'><strong>1γο.εξο;ρι,κοι</strong></span> <span class='ocrx_word' id='word_1_238' title='bbox 768 2978 830 3021; x_wconf 91' lang='lat' dir='ltr'>seu</span> <span class='ocrx_word' id='word_1_239' title='bbox 871 2978 1045 3023; x_wconf 85' lang='lat' dir='ltr'>sermones</span> <span class='ocrx_word' id='word_1_240' title='bbox 1074 2963 1117 3021; x_wconf 86' lang='lat' dir='ltr'>ab</span> 
     </span>
     <span class='ocr_line' id='line_1_35' title="bbox 99 3025 1117 3133; baseline 0.003 -35"><span class='ocrx_word' id='word_1_241' title='bbox 99 3043 253 3102; x_wconf 88' lang='lat' dir='ltr'>omnibus</span> <span class='ocrx_word' id='word_1_242' title='bbox 287 3041 456 3102; x_wconf 87' lang='lat' dir='ltr'>audiendi</span> <span class='ocrx_word' id='word_1_243' title='bbox 490 3044 537 3101; x_wconf 80' lang='lat' dir='ltr'>Ex</span> <span class='ocrx_word' id='word_1_244' title='bbox 570 3044 633 3101; x_wconf 90' lang='lat' dir='ltr'>hac</span> <span class='ocrx_word' id='word_1_245' title='bbox 653 3025 788 3133; x_wconf 88' lang='lat' dir='ltr'>duplici</span> <span class='ocrx_word' id='word_1_246' title='bbox 821 3044 948 3102; x_wconf 88' lang='lat' dir='ltr'>ratione</span> <span class='ocrx_word' id='word_1_247' title='bbox 975 3040 1117 3101; x_wconf 87' lang='lat' dir='ltr'>docendi</span> 
     </span>
     <span class='ocr_line' id='line_1_36' title="bbox 98 3120 1117 3203; baseline 0.002 -26"><span class='ocrx_word' id='word_1_248' title='bbox 98 3124 189 3182; x_wconf 86' lang='lat' dir='ltr'>venit</span> <span class='ocrx_word' id='word_1_249' title='bbox 210 3122 340 3198; x_wconf 89' lang='lat' dir='ltr'>partitio</span> <span class='ocrx_word' id='word_1_250' title='bbox 365 3124 523 3183; x_wconf 86' lang='lat' dir='ltr'>librorum</span> <span class='ocrx_word' id='word_1_251' title='bbox 537 3124 745 3182; x_wconf 77' lang='lat' dir='ltr'>Aristotelis</span> <span class='ocrx_word' id='word_1_252' title='bbox 739 3138 772 3181; x_wconf 87' lang='lat' dir='ltr'>in</span> <span class='ocrx_word' id='word_1_253' title='bbox 797 3120 939 3203; x_wconf 67' lang='grc' dir='ltr'>εξωτερικα</span> <span class='ocrx_word' id='word_1_254' title='bbox 961 3127 995 3181; x_wconf 87' lang='lat' dir='ltr'>et</span> <span class='ocrx_word' id='word_1_255' title='bbox 1015 3145 1117 3202; x_wconf 63' lang='lat' dir='ltr'>expoe-</span> 
     </span>
     <span class='ocr_line' id='line_1_37' title="bbox 98 3223 212 3276; baseline 0.035 -19"><span class='ocrx_word' id='word_1_256' title='bbox 98 3223 212 3276; x_wconf 70' lang='grc' dir='ltr'><strong>ματικα.</strong></span> 
     </span>
    </p>

    <p class='ocr_par' dir='ltr' id='par_1_6' title="bbox 98 3280 1122 3442">
     <span class='ocr_line' id='line_1_38' title="bbox 138 3280 1122 3358; baseline 0.001 -20"><span class='ocrx_word' id='word_1_257' title='bbox 138 3280 228 3341; x_wconf 85' lang='lat' dir='ltr'>Sicut</span> <span class='ocrx_word' id='word_1_258' title='bbox 246 3281 337 3340; x_wconf 89' lang='lat' dir='ltr'>Plato</span> <span class='ocrx_word' id='word_1_259' title='bbox 359 3283 392 3341; x_wconf 86' lang='lat' dir='ltr'>in</span> <span class='ocrx_word' id='word_1_260' title='bbox 421 3282 604 3358; x_wconf 79' lang='lat' dir='ltr'>synthesim</span> <span class='ocrx_word' id='word_1_261' title='bbox 628 3286 662 3341; x_wconf 87' lang='lat' dir='ltr'>et</span> <span class='ocrx_word' id='word_1_262' title='bbox 683 3281 904 3348; x_wconf 84' lang='lat' dir='ltr'>idealismum,</span> <span class='ocrx_word' id='word_1_263' title='bbox 928 3282 973 3341; x_wconf 92' lang='lat' dir='ltr'>ita</span> <span class='ocrx_word' id='word_1_264' title='bbox 995 3282 1122 3340; x_wconf 78' lang='lat' dir='ltr'>Aristo-</span> 
     </span>
     <span class='ocr_line' id='line_1_39' title="bbox 98 3360 1061 3442; baseline 0.004 -26"><span class='ocrx_word' id='word_1_265' title='bbox 98 3360 180 3421; x_wconf 90' lang='lat' dir='ltr'>teles</span> <span class='ocrx_word' id='word_1_266' title='bbox 202 3364 235 3420; x_wconf 90' lang='lat' dir='ltr'>iu</span> <span class='ocrx_word' id='word_1_267' title='bbox 256 3360 495 3437; x_wconf 79' lang='lat' dir='ltr'>experientiam</span> <span class='ocrx_word' id='word_1_268' title='bbox 511 3370 546 3421; x_wconf 90' lang='lat' dir='ltr'>et</span> <span class='ocrx_word' id='word_1_269' title='bbox 560 3361 721 3438; x_wconf 70' lang='lat' dir='ltr'>analysim</span> <span class='ocrx_word' id='word_1_270' title='bbox 741 3367 846 3442; x_wconf 80' lang='lat' dir='ltr'>magis</span> <span class='ocrx_word' id='word_1_271' title='bbox 860 3360 1061 3438; x_wconf 88' lang='lat' dir='ltr'>propendet.</span> 
     </span>
    </p>
   </div>
   <div class='ocr_carea' id='block_1_3' title="bbox 105 3509 631 3761">
    <p class='ocr_par' dir='ltr' id='par_1_7' title="bbox 105 3509 631 3761">
     <span class='ocr_line' id='line_1_40' title="bbox 128 3509 431 3570; baseline 0.007 -14"><span class='ocrx_word' id='word_1_272' title='bbox 128 3510 162 3570; x_wconf 78' lang='lat' dir='ltr'>(ll</span> <span class='ocrx_word' id='word_1_273' title='bbox 176 3509 259 3558; x_wconf 84' lang='lat' dir='ltr'>Arist.</span> <span class='ocrx_word' id='word_1_274' title='bbox 274 3512 314 3558; x_wconf 84' lang='lat' dir='ltr'>De</span> <span class='ocrx_word' id='word_1_275' title='bbox 327 3513 431 3559; x_wconf 67' lang='lat' dir='ltr'>ultime.</span> 
     </span>
     <span class='ocr_line' id='line_1_41' title="bbox 105 3599 631 3665; baseline 0.01 -17"><span class='ocrx_word' id='word_1_276' title='bbox 105 3632 111 3641; x_wconf 89' lang='lat'>.</span> <span class='ocrx_word' id='word_1_277' title='bbox 129 3601 163 3663; x_wconf 77' lang='lat'>(2)</span> <span class='ocrx_word' id='word_1_278' title='bbox 176 3600 248 3650; x_wconf 81' lang='lat' dir='ltr'>Plat.</span> <span class='ocrx_word' id='word_1_279' title='bbox 267 3601 345 3660; x_wconf 68' lang='lat' dir='ltr'>Tim„</span> <span class='ocrx_word' id='word_1_280' title='bbox 356 3602 395 3649; x_wconf 83' lang='lat' dir='ltr'>De</span> <span class='ocrx_word' id='word_1_281' title='bbox 404 3599 631 3665; x_wconf 67' lang='lat' dir='ltr'>Reput.‚passim.</span> 
     </span>
     <span class='ocr_line' id='line_1_42' title="bbox 129 3694 394 3761; baseline 0.008 -18"><span class='ocrx_word' id='word_1_282' title='bbox 129 3696 164 3760; x_wconf 69' lang='lat'>(3)</span> <span class='ocrx_word' id='word_1_283' title='bbox 179 3694 255 3761; x_wconf 82' lang='lat' dir='ltr'>Diog.</span> <span class='ocrx_word' id='word_1_284' title='bbox 269 3696 355 3745; x_wconf 71' lang='lat' dir='ltr'>Laerl„</span> <span class='ocrx_word' id='word_1_285' title='bbox 370 3713 394 3745; x_wconf 81' lang='lat' dir='ltr'>r.</span> 
     </span>
    </p>
   </div>
   <div class='ocr_carea' id='block_1_4' title="bbox 0 0 1326 4250">
    <p class='ocr_par' dir='ltr' id='par_1_8' title="bbox 0 0 1326 4250">
     <span class='ocr_line' id='line_1_43' title="bbox 0 0 1326 4250; baseline 0 3"><span class='ocrx_word' id='word_1_286' title='bbox 0 0 1326 4250; x_wconf 95' lang='lat' dir='ltr'> </span> 
     </span>
    </p>
   </div>
  </div>
 </body>
</html>
