2642 4250
455 286 557 330 arnico
581 264 756 330 srucut'rs..·
837 232 843 288 '‘
1046 268 1100 331 101

91 401 157 463 185.
182 435 221 443 —
241 402 352 460 Tarsis
381 401 415 458 ll.
443 401 572 458 Factam
601 397 835 473 principantem
861 371 1011 485 quoditie
1023 415 1101 477 pro,-

120 481 274 557 prietntt's
287 481 491 548 determinat,
499 485 542 538 cst
551 479 702 538 damonae
713 478 1100 559 nettor‘tuttfqaoeercittnm.

125 587 209 646 Note
232 587 253 645 l.
287 586 406 646 Natura
437 583 508 660 ipsa
534 598 602 642 non
623 587 699 642 actu
721 578 879 643 adscribit
901 581 1103 644 determina-

89 666 151 726 tam
173 662 413 742 proprietatem
436 664 491 723 tali
512 663 649 732 homini,
674 662 734 723 sed
759 663 816 741 jus
841 678 964 738 vagum
995 663 1103 724 stabili

88 743 183 806 modo
208 743 395 821 acquirendi
419 743 596 803 dominium
613 741 741 812 indicit;
760 743 973 819 quamobrem
990 746 1100 820 requi-

88 826 166 884 ritur
188 822 310 885 factum
331 823 530 901 particulare
554 821 669 901 adjus
690 822 771 883 illud
798 822 1098 884 determinandum.

93 903 254 978 Quaeritur
276 919 355 981 ergo
379 901 583 979 inpraesenti
606 900 774 978 quodnam
796 904 837 962 sit
857 900 938 961 illud
959 901 1102 963 factum?

127 986 210 1045 Νοια
227 985 263 1044 ll.
276 983 504 1044 iurisconsulti
524 983 651 1042 romani
667 979 779 1042 dicunt
793 981 917 1042 factum
930 978 1009 1042 illud
1026 997 1100 1044 esse

91 1066 351 1140 occupationem,
375 1063 420 1122 ita
447 1069 483 1122 ut
508 1085 520 1113 ι
544 1077 597 1122 res
618 1059 699 1121 fiant
719 1061 816 1137 primi
838 1063 1030 1136 occupantis
1065 1081 1096 1135 »3

90 1145 305 1204 oeconomlstae
336 1141 548 1213 recentiores,
582 1139 862 1216 specificationem
892 1143 939 1201 rei
967 1144 1098 1219 proprio

89 1223 198 1283 labore
221 1227 399 1298 peractam,
424 1220 514 1298 quod
536 1220 655 1281 eodem
671 1219 809 1280 recidit:
825 1223 996 1297 occupatio
1013 1223 1099 1282 enim

88 1301 236 1380 importat
250 1299 586 1362 accommodationem
603 1300 725 1378 objecti
739 1300 867 1360 utilitati
884 1301 1097 1376 possidentis.

90 1398 147 1443 seu
170 1379 448 1458 specificationem
468 1378 592 1439 factam
620 1397 681 1458 per
706 1381 837 1441 labores
856 1386 1039 1456 peractam,
1069 1389 1102 1442 et

91 1460 229 1522 vicissim
250 1459 410 1521 industria
433 1460 519 1522 circa
533 1475 615 1532 rem,
644 1462 769 1520 nemini
790 1461 1010 1536 pertinentem
1031 1464 1097 1538 pri-

91 1541 195 1616 mitus
219 1545 407 1602 exercetur.

126 1622 299 1682 Probatur.
322 1618 520 1680 Exercitium
542 1619 715 1679 activitatis
735 1619 885 1680 humane
906 1620 1006 1680 rebus
1023 1636 1098 1680 con-

93 1702 182 1762 cretis
205 1701 345 1777 atiquam
367 1697 605 1779 perfectionem
627 1714 745 1760 novam
762 1698 873 1761 tribuit
887 1701 940 1760 vel
954 1700 1097 1762 tribuere

93 1784 209 1856 potest,
226 1796 297 1856 quae
311 1778 450 1855 proinde
467 1777 602 1838 easdem
615 1794 670 1839 res
682 1779 834 1856 obsignat
848 1783 940 1840 notat
955 1780 1014 1840 alis
1025 1797 1099 1854 per·

90 1875 170 1920 sona
192 1860 340 1920 humanae
365 1879 372 1919 :
397 1859 533 1919 effectus
556 1861 644 1918 enlm
667 1859 744 1919 dicit
765 1859 959 1920 relationem
972 1861 1097 1920 realem

90 1937 129 1999 ad
148 1955 244 2000 suum
267 1939 468 2000 effectorem.
491 1936 601 2014 Atqui,
625 1939 657 1996 in
680 1938 843 2016 praesenti,
876 1939 1015 1999 effectus
1036 1955 1098 1999 seu

90 2017 243 2094 perfectio
265 2019 407 2092 inducta,
431 2034 504 2078 cum
524 2033 558 2077 re
575 2021 671 2077 aucta
694 2024 727 2078 et
747 2015 892 2094 perlecta
915 2033 976 2095 per
990 2021 1096 2080 activi-

90 2101 184 2159 tatem
206 2099 384 2160 humanam
407 2102 460 2159 est
479 2096 604 2175 aliquid
625 2113 740 2159 unum.
764 2100 849 2177 Ergo
880 2097 960 2160 illud
993 2104 1096 2161 totum

88 2180 217 2254 speciali
239 2177 337 2239 modo
360 2177 510 2239 ordinem
533 2177 611 2238 dicit
632 2178 675 2239 ad
698 2180 798 2241 talem
819 2178 989 2240 hominem
1023 2195 1097 2240 cum

91 2260 276 2319 exclusione
298 2259 443 2319 aliorum.

125 2338 238 2413 Quoad
260 2339 432 2412 mojorem,
454 2335 682 2398 adnotandum
704 2340 754 2397 est
774 2353 844 2397 rem
865 2336 1008 2414 aliquam
1028 2354 1096 2398 non

88 2418 115 2477 vi
134 2425 254 2479 naturae
276 2417 448 2493 subjacere
469 2416 574 2477 labori
597 2416 667 2475 talis
688 2416 829 2477 hominis
857 2417 919 2478 nisi
950 2417 992 2477 ab
1025 2418 1095 2479 aliis

87 2500 137 2557 aut
157 2498 246 2558 nullo
270 2496 367 2557 modo
390 2496 432 2556 sit
452 2500 613 2571 occupata
642 2500 675 2556 et
696 2494 854 2571 perfecta,
879 2500 936 2557 aut
963 2497 1004 2557 sit
1025 2514 1096 2556 om·

92 2576 163 2637 nino
179 2576 346 2638 derelicta.
370 2576 448 2637 Nam
472 2578 499 2636 si
529 2574 642 2635 fuisset
659 2576 773 2636 labore
789 2576 882 2652 primi
906 2579 1097 2651 occupantis

89 2661 174 2716 aucta
199 2660 233 2717 et
253 2656 433 2723 immutata,
453 2655 524 2733 jam
545 2671 606 2732 per
626 2669 744 2715 novam
766 2658 1017 2733 occupationem
1031 2658 1096 2733 pri·
1190 2730 1192 2735 ¹

89 2752 154 2797 mus
176 2750 350 2813 possessor
374 2733 485 2797 'fructu
507 2736 556 2794 sul
577 2734 708 2795 sudoris
743 2733 865 2814 inJ‘uste
900 2736 1094 2813 privaretur,

91 2817 141 2895 qui
161 2818 393 2878 absumeretur
413 2816 453 2876 ab
476 2814 551 2875 alic.

122 2894 166 2957 Ad
190 2897 349 2955 minorent
371 2896 469 2954 etiam
491 2892 729 2954 advertendum
752 2897 803 2953 est
823 2910 895 2954 rem
912 2894 984 2973 jam
1000 2911 1096 2957 occu-

88 2980 192 3051 patam
212 2976 333 3037 intuitu
354 2974 485 3045 laboris,
507 2986 574 3033 non
597 2972 732 3051 quidem
754 2976 879 3048 peracti
901 2972 962 3036 sed
995 2990 1093 3051 pera-

88 3054 194 3133 gendi,
220 3056 318 3116 etiam
338 3052 502 3132 obsignari
525 3050 767 3129 quadamtenus
800 3058 877 3114 nota
908 3054 1011 3131 ipsius
1042 3070 1096 3114 oc-

89 3135 242 3210 cupantis.
264 3135 336 3193 tam
356 3150 410 3194 res
432 3134 479 3193 sic
499 3137 658 3208 occupata
690 3130 838 3193 ordinem
873 3136 983 3209 potius
1019 3131 1096 3195 dicit

88 3213 124 3273 ad
145 3214 238 3274 illum
258 3213 407 3273 laborem
429 3210 677 3288 suscipiendum
713 3229 808 3289 quam
832 3211 876 3272 ad
897 3214 1095 3275 activitatem

90 3293 323 3371 cujuscumque
339 3293 419 3353 alius
441 3290 591 3353 hominis.
624 3292 708 3367 Ergo
740 3293 889 3352 humana
920 3292 1095 3354 activitatis

89 3375 270 3433 exercitium
294 3369 485 3433 estfactum
507 3370 738 3449 primigenium
763 3370 854 3450 quod
870 3370 926 3449 jus
946 3373 1093 3449 proprie-

90 3454 157 3513 tatis
180 3451 388 3512 determinat.
978 3512 984 3524 ,

124 3532 188 3593 186.
212 3565 251 3575 -
283 3530 455 3591 Setottnm.
488 3530 515 3590 Α
546 3530 711 3591 sententia
728 3528 1040 3604 ‚iurisconsultorum
1061 3538 1095 3592 et

88 3613 368 3673 oeconomistarum
398 3623 466 3670 non
495 3608 592 3671 valde
623 3607 838 3686 digredimur,
873 3626 944 3688 quae
979 3615 1093 3672 tamen

88 3694 210 3767 sumpta
238 3695 338 3768 prout
367 3693 473 3760 sonat,
506 3693 539 3749 ct
568 3688 639 3750 sine
663 3687 883 3763 distinctione,
907 3705 975 3751 non
998 3692 1091 3753 omni

87 3772 336 3851 equivocatione
356 3784 394 3831 ac
414 3768 600 3848 periculosa
622 3766 824 3833 deductione
848 3774 948 3832 caret.
