<?xml version="1.0" encoding="UTF-8"?>
<!DOCTYPE html PUBLIC "-//W3C//DTD XHTML 1.0 Transitional//EN"
    "http://www.w3.org/TR/xhtml1/DTD/xhtml1-transitional.dtd">
<html xmlns="http://www.w3.org/1999/xhtml" xml:lang="en" lang="en">
 <head>
  <title>
</title>
<meta http-equiv="Content-Type" content="text/html;charset=utf-8" />
  <meta name='ocr-system' content='tesseract 3.04.00' />
  <meta name='ocr-capabilities' content='ocr_page ocr_carea ocr_par ocr_line ocrx_word'/>
</head>
<body>
  <div class='ocr_page' id='page_1' title='image "./brevariumphilos00grangoog_0091.png"; bbox 0 0 2642 4250; ppageno 0'>
   <div class='ocr_carea' id='block_1_1' title="bbox 459 278 1112 342">
    <p class='ocr_par' dir='ltr' id='par_1_1' title="bbox 459 278 1112 342">
     <span class='ocr_line' id='line_1_1' title="bbox 459 278 1112 342; baseline 0.005 -8"><span class='ocrx_word' id='word_1_1' title='bbox 459 292 562 334; x_wconf 79' lang='lat' dir='ltr'>runca</span> <span class='ocrx_word' id='word_1_2' title='bbox 584 291 741 336; x_wconf 70' lang='lat' dir='ltr'>suecrius</span> <span class='ocrx_word' id='word_1_3' title='bbox 874 334 879 342; x_wconf 77' lang='grc'><strong>,</strong></span> <span class='ocrx_word' id='word_1_4' title='bbox 1072 278 1112 338; x_wconf 83' lang='grc'>79</span> 
     </span>
    </p>
   </div>
   <div class='ocr_carea' id='block_1_2' title="bbox 79 405 1110 868">
    <p class='ocr_par' dir='ltr' id='par_1_2' title="bbox 79 405 1110 868">
     <span class='ocr_line' id='line_1_2' title="bbox 79 405 1110 484; baseline 0.005 -21"><span class='ocrx_word' id='word_1_5' title='bbox 79 406 157 478; x_wconf 80' lang='grc'>449,</span> <span class='ocrx_word' id='word_1_6' title='bbox 176 405 258 482; x_wconf 80' lang='lat'>450),</span> <span class='ocrx_word' id='word_1_7' title='bbox 274 407 379 484; x_wconf 83' lang='lat' dir='ltr'>liquet</span> <span class='ocrx_word' id='word_1_8' title='bbox 396 407 516 466; x_wconf 90' lang='lat' dir='ltr'>cultum</span> <span class='ocrx_word' id='word_1_9' title='bbox 531 407 696 466; x_wconf 87' lang='lat' dir='ltr'>internum</span> <span class='ocrx_word' id='word_1_10' title='bbox 711 407 811 467; x_wconf 91' lang='lat' dir='ltr'>animi</span> <span class='ocrx_word' id='word_1_11' title='bbox 825 405 911 484; x_wconf 86' lang='lat' dir='ltr'>grati</span> <span class='ocrx_word' id='word_1_12' title='bbox 925 408 1028 468; x_wconf 89' lang='lat' dir='ltr'>Deum</span> <span class='ocrx_word' id='word_1_13' title='bbox 1043 424 1110 470; x_wconf 91' lang='lat' dir='ltr'>non</span> 
     </span>
     <span class='ocr_line' id='line_1_3' title="bbox 81 485 1110 566; baseline 0.004 -21"><span class='ocrx_word' id='word_1_14' title='bbox 81 485 272 565; x_wconf 86' lang='lat' dir='ltr'>dedignare</span> <span class='ocrx_word' id='word_1_15' title='bbox 279 508 290 560; x_wconf 91' lang='lat'><em>;</em></span> <span class='ocrx_word' id='word_1_16' title='bbox 305 489 372 548; x_wconf 83' lang='lat' dir='ltr'>suis</span> <span class='ocrx_word' id='word_1_17' title='bbox 388 487 472 546; x_wconf 88' lang='lat' dir='ltr'>enirn</span> <span class='ocrx_word' id='word_1_18' title='bbox 489 489 645 546; x_wconf 72' lang='lat' dir='ltr'>creaturis</span> <span class='ocrx_word' id='word_1_19' title='bbox 663 485 765 546; x_wconf 87' lang='lat' dir='ltr'>finem</span> <span class='ocrx_word' id='word_1_20' title='bbox 779 486 850 562; x_wconf 90' lang='lat' dir='ltr'>ipse</span> <span class='ocrx_word' id='word_1_21' title='bbox 865 489 1055 566; x_wconf 69' lang='lat' dir='ltr'>assignavit,</span> <span class='ocrx_word' id='word_1_22' title='bbox 1077 495 1110 549; x_wconf 88' lang='lat' dir='ltr'>et</span> 
     </span>
     <span class='ocr_line' id='line_1_4' title="bbox 80 563 1109 642; baseline 0.006 -19"><span class='ocrx_word' id='word_1_23' title='bbox 80 566 205 628; x_wconf 79' lang='lat' dir='ltr'>mediis</span> <span class='ocrx_word' id='word_1_24' title='bbox 230 566 359 626; x_wconf 80' lang='lat' dir='ltr'>idoneis</span> <span class='ocrx_word' id='word_1_25' title='bbox 383 563 427 624; x_wconf 93' lang='lat' dir='ltr'>ad</span> <span class='ocrx_word' id='word_1_26' title='bbox 450 566 542 626; x_wconf 91' lang='lat' dir='ltr'>illum</span> <span class='ocrx_word' id='word_1_27' title='bbox 570 565 672 626; x_wconf 84' lang='lat' dir='ltr'>linem</span> <span class='ocrx_word' id='word_1_28' title='bbox 700 567 950 642; x_wconf 90' lang='lat' dir='ltr'>assequendum</span> <span class='ocrx_word' id='word_1_29' title='bbox 976 568 1109 628; x_wconf 89' lang='lat' dir='ltr'>easdem</span> 
     </span>
     <span class='ocr_line' id='line_1_5' title="bbox 79 644 1110 723; baseline 0.007 -21"><span class='ocrx_word' id='word_1_30' title='bbox 79 644 239 706; x_wconf 82' lang='lat' dir='ltr'>instruxit</span> <span class='ocrx_word' id='word_1_31' title='bbox 266 666 272 705; x_wconf 95' lang='lat'>:</span> <span class='ocrx_word' id='word_1_32' title='bbox 291 648 507 723; x_wconf 88' lang='lat' dir='ltr'>quamobrem</span> <span class='ocrx_word' id='word_1_33' title='bbox 521 646 684 706; x_wconf 87' lang='lat' dir='ltr'>ordinatio</span> <span class='ocrx_word' id='word_1_34' title='bbox 704 647 935 722; x_wconf 80' lang='lat' dir='ltr'>operationum</span> <span class='ocrx_word' id='word_1_35' title='bbox 953 652 1110 709; x_wconf 73' lang='lat' dir='ltr'>creaturae</span> 
     </span>
     <span class='ocr_line' id='line_1_6' title="bbox 80 724 1108 806; baseline 0.004 -23"><span class='ocrx_word' id='word_1_36' title='bbox 80 727 266 794; x_wconf 88' lang='lat' dir='ltr'>rationalis,</span> <span class='ocrx_word' id='word_1_37' title='bbox 291 728 325 786; x_wconf 91' lang='lat' dir='ltr'>iu</span> <span class='ocrx_word' id='word_1_38' title='bbox 346 724 471 785; x_wconf 92' lang='lat' dir='ltr'>mundo</span> <span class='ocrx_word' id='word_1_39' title='bbox 487 726 604 787; x_wconf 83' lang='lat' dir='ltr'>visibili</span> <span class='ocrx_word' id='word_1_40' title='bbox 620 727 800 799; x_wconf 86' lang='lat' dir='ltr'>nobilioris,</span> <span class='ocrx_word' id='word_1_41' title='bbox 824 743 891 787; x_wconf 94' lang='lat' dir='ltr'>non</span> <span class='ocrx_word' id='word_1_42' title='bbox 915 731 967 787; x_wconf 91' lang='lat' dir='ltr'>est</span> <span class='ocrx_word' id='word_1_43' title='bbox 984 727 1108 806; x_wconf 87' lang='lat' dir='ltr'>aliquid</span> 
     </span>
     <span class='ocr_line' id='line_1_7' title="bbox 81 805 501 868; baseline 0 -4"><span class='ocrx_word' id='word_1_44' title='bbox 81 821 198 865; x_wconf 89' lang='lat' dir='ltr'>curam</span> <span class='ocrx_word' id='word_1_45' title='bbox 214 808 282 866; x_wconf 87' lang='lat' dir='ltr'>Deo</span> <span class='ocrx_word' id='word_1_46' title='bbox 298 805 501 868; x_wconf 84' lang='lat' dir='ltr'>indillerens</span> 
     </span>
    </p>
   </div>
   <div class='ocr_carea' id='block_1_3' title="bbox 84 927 1207 1015">
    <p class='ocr_par' dir='ltr' id='par_1_3' title="bbox 84 927 1207 1015">
     <span class='ocr_line' id='line_1_8' title="bbox 84 927 1207 1015; baseline 0 -25"><span class='ocrx_word' id='word_1_47' title='bbox 84 929 154 990; x_wconf 85' lang='grc'><strong>146.</strong></span> <span class='ocrx_word' id='word_1_48' title='bbox 171 963 212 972; x_wconf 86' lang='lat'>-</span> <span class='ocrx_word' id='word_1_49' title='bbox 225 931 334 988; x_wconf 84' lang='lat' dir='ltr'>Tnnsrs</span> <span class='ocrx_word' id='word_1_50' title='bbox 350 929 388 988; x_wconf 92' lang='lat' dir='ltr'>ll.</span> <span class='ocrx_word' id='word_1_51' title='bbox 404 930 623 988; x_wconf 69' lang='lat' dir='ltr'>derelictura</span> <span class='ocrx_word' id='word_1_52' title='bbox 637 927 703 990; x_wconf 84' lang='lat' dir='ltr'>Deo</span> <span class='ocrx_word' id='word_1_53' title='bbox 719 933 817 990; x_wconf 82' lang='lat' dir='ltr'>ettam</span> <span class='ocrx_word' id='word_1_54' title='bbox 832 929 958 992; x_wconf 72' lang='lat' dir='ltr'>debitus</span> <span class='ocrx_word' id='word_1_55' title='bbox 972 936 1018 992; x_wconf 86' lang='lat' dir='ltr'>est</span> <span class='ocrx_word' id='word_1_56' title='bbox 1036 930 1105 1015; x_wconf 76' lang='lat' dir='ltr'>cut-</span> <span class='ocrx_word' id='word_1_57' title='bbox 1205 996 1207 999; x_wconf 59' lang='grc'><strong>,</strong></span> 
     </span>
    </p>
   </div>
   <div class='ocr_carea' id='block_1_4' title="bbox 123 1013 355 1069">
    <p class='ocr_par' dir='ltr' id='par_1_4' title="bbox 123 1013 355 1069">
     <span class='ocr_line' id='line_1_9' title="bbox 123 1013 355 1069; baseline 0 -1"><span class='ocrx_word' id='word_1_58' title='bbox 123 1015 175 1069; x_wconf 82' lang='lat' dir='ltr'>tus</span> <span class='ocrx_word' id='word_1_59' title='bbox 191 1013 355 1069; x_wconf 65' lang='lat' dir='ltr'>eminutus</span> 
     </span>
    </p>
   </div>
   <div class='ocr_carea' id='block_1_5' title="bbox 77 1132 1107 2809">
    <p class='ocr_par' dir='ltr' id='par_1_5' title="bbox 81 1132 1107 1612">
     <span class='ocr_line' id='line_1_10' title="bbox 123 1132 1107 1208; baseline -0.002 -14"><span class='ocrx_word' id='word_1_60' title='bbox 123 1134 298 1194; x_wconf 80' lang='lat' dir='ltr'>Probatur.</span> <span class='ocrx_word' id='word_1_61' title='bbox 319 1135 348 1193; x_wconf 88' lang='lat' dir='ltr'>l⁰</span> <span class='ocrx_word' id='word_1_62' title='bbox 362 1133 450 1192; x_wconf 91' lang='lat' dir='ltr'>Deus</span> <span class='ocrx_word' id='word_1_63' title='bbox 464 1145 532 1191; x_wconf 93' lang='lat' dir='ltr'>non</span> <span class='ocrx_word' id='word_1_64' title='bbox 548 1135 673 1191; x_wconf 89' lang='lat' dir='ltr'>tantum</span> <span class='ocrx_word' id='word_1_65' title='bbox 688 1133 814 1203; x_wconf 85' lang='lat' dir='ltr'>anirnae,</span> <span class='ocrx_word' id='word_1_66' title='bbox 831 1132 891 1192; x_wconf 92' lang='lat' dir='ltr'>sed</span> <span class='ocrx_word' id='word_1_67' title='bbox 907 1136 940 1191; x_wconf 91' lang='lat' dir='ltr'>et</span> <span class='ocrx_word' id='word_1_68' title='bbox 960 1136 1107 1208; x_wconf 87' lang='lat' dir='ltr'>corporis</span> 
     </span>
     <span class='ocr_line' id='line_1_11' title="bbox 82 1211 1104 1284; baseline 0.001 -12"><span class='ocrx_word' id='word_1_69' title='bbox 82 1214 186 1273; x_wconf 88' lang='lat' dir='ltr'>nostri</span> <span class='ocrx_word' id='word_1_70' title='bbox 202 1219 331 1274; x_wconf 91' lang='lat' dir='ltr'>creator</span> <span class='ocrx_word' id='word_1_71' title='bbox 347 1215 414 1284; x_wconf 81' lang='lat' dir='ltr'>est3</span> <span class='ocrx_word' id='word_1_72' title='bbox 428 1211 488 1271; x_wconf 89' lang='lat' dir='ltr'>sed</span> <span class='ocrx_word' id='word_1_73' title='bbox 504 1221 652 1272; x_wconf 90' lang='lat' dir='ltr'>creatura</span> <span class='ocrx_word' id='word_1_74' title='bbox 669 1211 770 1272; x_wconf 90' lang='lat' dir='ltr'>debet</span> <span class='ocrx_word' id='word_1_75' title='bbox 785 1218 967 1272; x_wconf 88' lang='lat' dir='ltr'>creatorem</span> <span class='ocrx_word' id='word_1_76' title='bbox 982 1215 1104 1282; x_wconf 87' lang='lat' dir='ltr'>coiere,</span> 
     </span>
     <span class='ocr_line' id='line_1_12' title="bbox 83 1291 1106 1370; baseline 0.001 -19"><span class='ocrx_word' id='word_1_77' title='bbox 83 1300 117 1352; x_wconf 89' lang='lat' dir='ltr'>et</span> <span class='ocrx_word' id='word_1_78' title='bbox 138 1293 303 1370; x_wconf 89' lang='lat' dir='ltr'>quidquid</span> <span class='ocrx_word' id='word_1_79' title='bbox 325 1297 375 1353; x_wconf 91' lang='lat' dir='ltr'>est</span> <span class='ocrx_word' id='word_1_80' title='bbox 398 1297 543 1352; x_wconf 88' lang='lat' dir='ltr'>creatum</span> <span class='ocrx_word' id='word_1_81' title='bbox 567 1291 609 1352; x_wconf 89' lang='lat' dir='ltr'>ad</span> <span class='ocrx_word' id='word_1_82' title='bbox 624 1307 817 1368; x_wconf 89' lang='lat' dir='ltr'>supremum</span> <span class='ocrx_word' id='word_1_83' title='bbox 832 1293 1038 1353; x_wconf 87' lang='lat' dir='ltr'>conditorem</span> <span class='ocrx_word' id='word_1_84' title='bbox 1056 1310 1106 1352; x_wconf 79' lang='lat' dir='ltr'>re</span> 
     </span>
     <span class='ocr_line' id='line_1_13' title="bbox 81 1371 1104 1451; baseline -0.001 -20"><span class='ocrx_word' id='word_1_85' title='bbox 81 1371 180 1433; x_wconf 88' lang='lat' dir='ltr'>ferre.</span> <span class='ocrx_word' id='word_1_86' title='bbox 206 1375 291 1451; x_wconf 82' lang='lat' dir='ltr'>Ergo</span> <span class='ocrx_word' id='word_1_87' title='bbox 316 1376 415 1432; x_wconf 86' lang='lat' dir='ltr'>etiam</span> <span class='ocrx_word' id='word_1_88' title='bbox 429 1387 550 1445; x_wconf 87' lang='lat' dir='ltr'>corpus</span> <span class='ocrx_word' id='word_1_89' title='bbox 564 1382 624 1431; x_wconf 87' lang='lat' dir='ltr'>suo</span> <span class='ocrx_word' id='word_1_90' title='bbox 640 1371 741 1432; x_wconf 92' lang='lat' dir='ltr'>modo</span> <span class='ocrx_word' id='word_1_91' title='bbox 759 1371 859 1432; x_wconf 90' lang='lat' dir='ltr'>debet</span> <span class='ocrx_word' id='word_1_92' title='bbox 874 1374 941 1431; x_wconf 86' lang='lat' dir='ltr'>Deo</span> <span class='ocrx_word' id='word_1_93' title='bbox 965 1377 1104 1434; x_wconf 84' lang='lat' dir='ltr'>creatori</span> 
     </span>
     <span class='ocr_line' id='line_1_14' title="bbox 82 1451 1103 1531; baseline 0.002 -19"><span class='ocrx_word' id='word_1_94' title='bbox 82 1454 245 1513; x_wconf 90' lang='lat' dir='ltr'>bonorem</span> <span class='ocrx_word' id='word_1_95' title='bbox 267 1452 423 1518; x_wconf 86' lang='lat' dir='ltr'>reddere,</span> <span class='ocrx_word' id='word_1_96' title='bbox 450 1467 610 1527; x_wconf 89' lang='lat' dir='ltr'>suamque</span> <span class='ocrx_word' id='word_1_97' title='bbox 635 1451 894 1527; x_wconf 91' lang='lat' dir='ltr'>dependentiam</span> <span class='ocrx_word' id='word_1_98' title='bbox 922 1468 1103 1531; x_wconf 85' lang='lat' dir='ltr'>recognos-</span> 
     </span>
     <span class='ocr_line' id='line_1_15' title="bbox 82 1531 841 1612; baseline -0.001 -20"><span class='ocrx_word' id='word_1_99' title='bbox 82 1549 171 1604; x_wconf 88' lang='lat' dir='ltr'>cere,</span> <span class='ocrx_word' id='word_1_100' title='bbox 189 1532 280 1609; x_wconf 90' lang='lat' dir='ltr'>quod</span> <span class='ocrx_word' id='word_1_101' title='bbox 295 1537 344 1592; x_wconf 89' lang='lat' dir='ltr'>est</span> <span class='ocrx_word' id='word_1_102' title='bbox 361 1533 487 1612; x_wconf 86' lang='lat' dir='ltr'>cultum¹</span> <span class='ocrx_word' id='word_1_103' title='bbox 500 1536 671 1591; x_wconf 85' lang='lat' dir='ltr'>externum</span> <span class='ocrx_word' id='word_1_104' title='bbox 685 1531 841 1593; x_wconf 89' lang='lat' dir='ltr'>reddere.</span> 
     </span>
    </p>

    <p class='ocr_par' dir='ltr' id='par_1_6' title="bbox 80 1612 1105 2008">
     <span class='ocr_line' id='line_1_16' title="bbox 121 1612 1104 1689; baseline -0.001 -17"><span class='ocrx_word' id='word_1_105' title='bbox 121 1614 153 1672; x_wconf 72' lang='lat'>2⁰</span> <span class='ocrx_word' id='word_1_106' title='bbox 179 1614 282 1672; x_wconf 88' lang='lat' dir='ltr'>llomo</span> <span class='ocrx_word' id='word_1_107' title='bbox 304 1616 431 1673; x_wconf 87' lang='lat' dir='ltr'>constat</span> <span class='ocrx_word' id='word_1_108' title='bbox 450 1612 557 1670; x_wconf 89' lang='lat' dir='ltr'>animo</span> <span class='ocrx_word' id='word_1_109' title='bbox 584 1616 617 1671; x_wconf 92' lang='lat' dir='ltr'>et</span> <span class='ocrx_word' id='word_1_110' title='bbox 642 1627 793 1687; x_wconf 88' lang='lat' dir='ltr'>corpore,</span> <span class='ocrx_word' id='word_1_111' title='bbox 818 1617 851 1671; x_wconf 94' lang='lat' dir='ltr'>et</span> <span class='ocrx_word' id='word_1_112' title='bbox 873 1615 1047 1689; x_wconf 88' lang='lat' dir='ltr'>utriusque</span> <span class='ocrx_word' id='word_1_113' title='bbox 1071 1613 1104 1672; x_wconf 94' lang='lat' dir='ltr'>in</span> 
     </span>
     <span class='ocr_line' id='line_1_17' title="bbox 82 1691 1105 1768; baseline 0.001 -17"><span class='ocrx_word' id='word_1_114' title='bbox 82 1692 252 1768; x_wconf 88' lang='lat' dir='ltr'>operando</span> <span class='ocrx_word' id='word_1_115' title='bbox 273 1694 374 1751; x_wconf 92' lang='lat' dir='ltr'>utitur</span> <span class='ocrx_word' id='word_1_116' title='bbox 393 1693 572 1750; x_wconf 89' lang='lat' dir='ltr'>ministerio</span> <span class='ocrx_word' id='word_1_117' title='bbox 596 1710 602 1749; x_wconf 94' lang='lat'>:</span> <span class='ocrx_word' id='word_1_118' title='bbox 624 1691 772 1767; x_wconf 86' lang='lat' dir='ltr'>operatio</span> <span class='ocrx_word' id='word_1_119' title='bbox 793 1700 929 1752; x_wconf 86' lang='lat' dir='ltr'>externa</span> <span class='ocrx_word' id='word_1_120' title='bbox 950 1702 1000 1752; x_wconf 87' lang='lat' dir='ltr'>est</span> <span class='ocrx_word' id='word_1_121' title='bbox 1014 1691 1105 1752; x_wconf 88' lang='lat' dir='ltr'>velut</span> 
     </span>
     <span class='ocr_line' id='line_1_18' title="bbox 83 1772 1103 1850; baseline 0.002 -20"><span class='ocrx_word' id='word_1_122' title='bbox 83 1774 358 1849; x_wconf 87' lang='lat' dir='ltr'>complementum</span> <span class='ocrx_word' id='word_1_123' title='bbox 380 1775 414 1830; x_wconf 90' lang='lat' dir='ltr'>et</span> <span class='ocrx_word' id='word_1_124' title='bbox 436 1772 565 1850; x_wconf 84' lang='lat' dir='ltr'>signum</span> <span class='ocrx_word' id='word_1_125' title='bbox 586 1773 788 1848; x_wconf 88' lang='lat' dir='ltr'>operationis</span> <span class='ocrx_word' id='word_1_126' title='bbox 803 1773 949 1833; x_wconf 76' lang='lat' dir='ltr'>interna.</span> <span class='ocrx_word' id='word_1_127' title='bbox 965 1774 1050 1850; x_wconf 82' lang='lat' dir='ltr'>llrgo</span> <span class='ocrx_word' id='word_1_128' title='bbox 1066 1779 1103 1832; x_wconf 91' lang='lat' dir='ltr'>ut</span> 
     </span>
     <span class='ocr_line' id='line_1_19' title="bbox 80 1851 1100 1929; baseline 0.001 -19"><span class='ocrx_word' id='word_1_129' title='bbox 80 1852 192 1923; x_wconf 90' lang='lat' dir='ltr'>homo,</span> <span class='ocrx_word' id='word_1_130' title='bbox 208 1869 273 1929; x_wconf 87' lang='lat' dir='ltr'>qua</span> <span class='ocrx_word' id='word_1_131' title='bbox 287 1853 382 1912; x_wconf 84' lang='lat' dir='ltr'>lromo</span> <span class='ocrx_word' id='word_1_132' title='bbox 399 1855 459 1921; x_wconf 85' lang='lat' dir='ltr'>est,</span> <span class='ocrx_word' id='word_1_133' title='bbox 479 1853 547 1910; x_wconf 91' lang='lat' dir='ltr'>Deo</span> <span class='ocrx_word' id='word_1_134' title='bbox 564 1857 695 1926; x_wconf 78' lang='lat' dir='ltr'>prestet</span> <span class='ocrx_word' id='word_1_135' title='bbox 709 1851 917 1928; x_wconf 88' lang='lat' dir='ltr'>obsequium,</span> <span class='ocrx_word' id='word_1_136' title='bbox 938 1853 1100 1912; x_wconf 86' lang='lat' dir='ltr'>interiori-</span> 
     </span>
     <span class='ocr_line' id='line_1_20' title="bbox 80 1929 808 2008; baseline 0 -18"><span class='ocrx_word' id='word_1_137' title='bbox 80 1931 143 1991; x_wconf 89' lang='lat' dir='ltr'>bus</span> <span class='ocrx_word' id='word_1_138' title='bbox 159 1935 285 1991; x_wconf 87' lang='lat' dir='ltr'>actibus</span> <span class='ocrx_word' id='word_1_139' title='bbox 301 1937 456 1991; x_wconf 85' lang='lat' dir='ltr'>externos</span> <span class='ocrx_word' id='word_1_140' title='bbox 472 1930 677 2008; x_wconf 81' lang='lat' dir='ltr'>conjungere</span> <span class='ocrx_word' id='word_1_141' title='bbox 694 1929 808 1991; x_wconf 88' lang='lat' dir='ltr'>debet.</span> 
     </span>
    </p>

    <p class='ocr_par' dir='ltr' id='par_1_7' title="bbox 77 2011 1101 2731">
     <span class='ocr_line' id='line_1_21' title="bbox 120 2011 1098 2089; baseline 0.002 -19"><span class='ocrx_word' id='word_1_142' title='bbox 120 2013 152 2070; x_wconf 88' lang='lat'>3⁰</span> <span class='ocrx_word' id='word_1_143' title='bbox 169 2013 270 2073; x_wconf 86' lang='lat' dir='ltr'>llomo</span> <span class='ocrx_word' id='word_1_144' title='bbox 286 2018 323 2072; x_wconf 93' lang='lat' dir='ltr'>ut</span> <span class='ocrx_word' id='word_1_145' title='bbox 337 2013 405 2071; x_wconf 92' lang='lat' dir='ltr'>Deo</span> <span class='ocrx_word' id='word_1_146' title='bbox 423 2011 642 2089; x_wconf 81' lang='lat' dir='ltr'>conjungatur</span> <span class='ocrx_word' id='word_1_147' title='bbox 658 2015 692 2070; x_wconf 91' lang='lat' dir='ltr'>et</span> <span class='ocrx_word' id='word_1_148' title='bbox 706 2011 923 2084; x_wconf 88' lang='lat' dir='ltr'>reverentiam</span> <span class='ocrx_word' id='word_1_149' title='bbox 940 2028 978 2070; x_wconf 89' lang='lat' dir='ltr'>ac</span> <span class='ocrx_word' id='word_1_150' title='bbox 996 2012 1098 2074; x_wconf 92' lang='lat' dir='ltr'>hono-</span> 
     </span>
     <span class='ocr_line' id='line_1_22' title="bbox 80 2090 1101 2162; baseline 0.002 -12"><span class='ocrx_word' id='word_1_151' title='bbox 80 2106 151 2151; x_wconf 90' lang='lat' dir='ltr'>rem</span> <span class='ocrx_word' id='word_1_152' title='bbox 187 2091 287 2153; x_wconf 90' lang='lat' dir='ltr'>modo</span> <span class='ocrx_word' id='word_1_153' title='bbox 328 2091 440 2151; x_wconf 89' lang='lat' dir='ltr'>debito</span> <span class='ocrx_word' id='word_1_154' title='bbox 478 2090 608 2162; x_wconf 87' lang='lat' dir='ltr'>reddat,</span> <span class='ocrx_word' id='word_1_155' title='bbox 646 2092 815 2153; x_wconf 88' lang='lat' dir='ltr'>sensibilia</span> <span class='ocrx_word' id='word_1_156' title='bbox 843 2092 1101 2153; x_wconf 89' lang='lat' dir='ltr'>manuductione</span> 
     </span>
     <span class='ocr_line' id='line_1_23' title="bbox 78 2170 1099 2250; baseline 0.002 -21"><span class='ocrx_word' id='word_1_157' title='bbox 78 2170 206 2250; x_wconf 84' lang='lat' dir='ltr'>indiget</span> <span class='ocrx_word' id='word_1_158' title='bbox 231 2191 237 2231; x_wconf 94' lang='lat'>:</span> <span class='ocrx_word' id='word_1_159' title='bbox 268 2175 296 2233; x_wconf 93' lang='lat' dir='ltr'>l⁰</span> <span class='ocrx_word' id='word_1_160' title='bbox 321 2189 381 2247; x_wconf 89' lang='lat' dir='ltr'>per</span> <span class='ocrx_word' id='word_1_161' title='bbox 405 2172 605 2231; x_wconf 90' lang='lat' dir='ltr'>sensibilium</span> <span class='ocrx_word' id='word_1_162' title='bbox 631 2172 673 2231; x_wconf 90' lang='lat' dir='ltr'>ad</span> <span class='ocrx_word' id='word_1_163' title='bbox 697 2174 801 2231; x_wconf 88' lang='lat' dir='ltr'>Deum</span> <span class='ocrx_word' id='word_1_164' title='bbox 828 2172 1099 2249; x_wconf 84' lang='lat' dir='ltr'>cognoscendum</span> 
     </span>
     <span class='ocr_line' id='line_1_24' title="bbox 81 2249 1099 2331; baseline 0.004 -22"><span class='ocrx_word' id='word_1_165' title='bbox 81 2249 230 2310; x_wconf 86' lang='lat' dir='ltr'>ducimur</span> <span class='ocrx_word' id='word_1_166' title='bbox 243 2252 293 2331; x_wconf 89' lang='lat' dir='ltr'>(lt,</span> <span class='ocrx_word' id='word_1_167' title='bbox 310 2253 372 2327; x_wconf 77' lang='lat'>32),</span> <span class='ocrx_word' id='word_1_168' title='bbox 392 2274 403 2302; x_wconf 78' lang='grc' dir='ltr'>ι</span> <span class='ocrx_word' id='word_1_169' title='bbox 423 2252 597 2311; x_wconf 75' lang='lat' dir='ltr'>t&#39;rcoistbttt‘u</span> <span class='ocrx_word' id='word_1_170' title='bbox 616 2253 677 2311; x_wconf 83' lang='lat' dir='ltr'>Dei</span> <span class='ocrx_word' id='word_1_171' title='bbox 686 2268 747 2327; x_wconf 85' lang='lat' dir='ltr'>per</span> <span class='ocrx_word' id='word_1_172' title='bbox 769 2268 806 2312; x_wconf 84' lang='lat' dir='ltr'>ca</span> <span class='ocrx_word' id='word_1_173' title='bbox 821 2268 892 2327; x_wconf 82' lang='lat' dir='ltr'>quae</span> <span class='ocrx_word' id='word_1_174' title='bbox 916 2253 1003 2319; x_wconf 68' lang='lat' dir='ltr'>sorta</span> <span class='ocrx_word' id='word_1_175' title='bbox 1016 2259 1099 2325; x_wconf 80' lang='lat' dir='ltr'>sunt,</span> 
     </span>
     <span class='ocr_line' id='line_1_25' title="bbox 77 2328 1097 2409; baseline 0.004 -20"><span class='ocrx_word' id='word_1_176' title='bbox 77 2331 239 2391; x_wconf 76' lang='lat' dir='ltr'>intellectu</span> <span class='ocrx_word' id='word_1_177' title='bbox 253 2332 493 2405; x_wconf 74' lang='lat' dir='ltr'>conspiciuntur</span> <span class='ocrx_word' id='word_1_178' title='bbox 506 2328 566 2409; x_wconf 87' lang='lat' dir='ltr'>(l);</span> <span class='ocrx_word' id='word_1_179' title='bbox 587 2354 598 2381; x_wconf 70' lang='lat' dir='ltr'>r</span> <span class='ocrx_word' id='word_1_180' title='bbox 617 2334 649 2391; x_wconf 75' lang='lat'>2⁰</span> <span class='ocrx_word' id='word_1_181' title='bbox 664 2331 762 2391; x_wconf 90' lang='lat' dir='ltr'>homo</span> <span class='ocrx_word' id='word_1_182' title='bbox 777 2333 822 2391; x_wconf 90' lang='lat' dir='ltr'>ita</span> <span class='ocrx_word' id='word_1_183' title='bbox 837 2332 964 2407; x_wconf 87' lang='lat' dir='ltr'>pendet</span> <span class='ocrx_word' id='word_1_184' title='bbox 982 2351 1000 2392; x_wconf 87' lang='lat' dir='ltr'>a</span> <span class='ocrx_word' id='word_1_185' title='bbox 1019 2349 1097 2393; x_wconf 90' lang='lat' dir='ltr'>sen-</span> 
     </span>
     <span class='ocr_line' id='line_1_26' title="bbox 77 2410 1096 2488; baseline 0.003 -18"><span class='ocrx_word' id='word_1_186' title='bbox 77 2412 167 2470; x_wconf 87' lang='lat' dir='ltr'>sibus</span> <span class='ocrx_word' id='word_1_187' title='bbox 196 2418 233 2470; x_wconf 95' lang='lat' dir='ltr'>ut</span> <span class='ocrx_word' id='word_1_188' title='bbox 262 2411 424 2487; x_wconf 85' lang='lat' dir='ltr'>aliquibus</span> <span class='ocrx_word' id='word_1_189' title='bbox 453 2412 688 2488; x_wconf 88' lang='lat' dir='ltr'>corporalibus,</span> <span class='ocrx_word' id='word_1_190' title='bbox 719 2427 781 2471; x_wconf 91' lang='lat' dir='ltr'>seu</span> <span class='ocrx_word' id='word_1_191' title='bbox 808 2410 912 2488; x_wconf 81' lang='lat' dir='ltr'>signis</span> <span class='ocrx_word' id='word_1_192' title='bbox 941 2415 1096 2482; x_wconf 81' lang='lat' dir='ltr'>externis,</span> 
     </span>
     <span class='ocr_line' id='line_1_27' title="bbox 79 2488 1097 2569; baseline 0.004 -20"><span class='ocrx_word' id='word_1_193' title='bbox 79 2498 232 2567; x_wconf 89' lang='lat' dir='ltr'>tanquam</span> <span class='ocrx_word' id='word_1_194' title='bbox 262 2492 493 2561; x_wconf 76' lang='lat' dir='ltr'>incitamentis</span> <span class='ocrx_word' id='word_1_195' title='bbox 521 2488 681 2569; x_wconf 84' lang='lat' dir='ltr'>indigeat.</span> <span class='ocrx_word' id='word_1_196' title='bbox 717 2507 788 2568; x_wconf 83' lang='lat' dir='ltr'>quae</span> <span class='ocrx_word' id='word_1_197' title='bbox 821 2494 893 2568; x_wconf 89' lang='lat' dir='ltr'>pios</span> <span class='ocrx_word' id='word_1_198' title='bbox 920 2495 958 2553; x_wconf 88' lang='lat' dir='ltr'>in</span> <span class='ocrx_word' id='word_1_199' title='bbox 992 2495 1097 2553; x_wconf 90' lang='lat' dir='ltr'>Deum</span> 
     </span>
     <span class='ocr_line' id='line_1_28' title="bbox 79 2568 1097 2648; baseline 0.004 -19"><span class='ocrx_word' id='word_1_200' title='bbox 79 2570 214 2631; x_wconf 86' lang='lat' dir='ltr'>allectus</span> <span class='ocrx_word' id='word_1_201' title='bbox 236 2568 366 2632; x_wconf 87' lang='lat' dir='ltr'>foveant</span> <span class='ocrx_word' id='word_1_202' title='bbox 384 2586 420 2629; x_wconf 90' lang='lat' dir='ltr'>ac</span> <span class='ocrx_word' id='word_1_203' title='bbox 443 2571 602 2630; x_wconf 90' lang='lat' dir='ltr'>suscitent</span> <span class='ocrx_word' id='word_1_204' title='bbox 623 2590 630 2629; x_wconf 91' lang='lat'>:</span> <span class='ocrx_word' id='word_1_205' title='bbox 652 2571 703 2629; x_wconf 76' lang='lat' dir='ltr'>llis</span> <span class='ocrx_word' id='word_1_206' title='bbox 723 2572 826 2648; x_wconf 87' lang='lat' dir='ltr'>signis</span> <span class='ocrx_word' id='word_1_207' title='bbox 845 2588 939 2632; x_wconf 88' lang='lat' dir='ltr'>mens</span> <span class='ocrx_word' id='word_1_208' title='bbox 958 2572 1097 2633; x_wconf 90' lang='lat' dir='ltr'>hominis</span> 
     </span>
     <span class='ocr_line' id='line_1_29' title="bbox 79 2650 1094 2731; baseline 0.004 -22"><span class='ocrx_word' id='word_1_209' title='bbox 79 2651 235 2711; x_wconf 85' lang='lat' dir='ltr'>excitatur</span> <span class='ocrx_word' id='word_1_210' title='bbox 250 2650 291 2710; x_wconf 90' lang='lat' dir='ltr'>ad</span> <span class='ocrx_word' id='word_1_211' title='bbox 306 2650 490 2726; x_wconf 88' lang='lat' dir='ltr'>spirituales</span> <span class='ocrx_word' id='word_1_212' title='bbox 510 2655 613 2722; x_wconf 73' lang='lat' dir='ltr'>actus</span> <span class='ocrx_word' id='word_1_213' title='bbox 640 2650 760 2727; x_wconf 90' lang='lat' dir='ltr'>quibus</span> <span class='ocrx_word' id='word_1_214' title='bbox 782 2652 851 2711; x_wconf 88' lang='lat' dir='ltr'>Deo</span> <span class='ocrx_word' id='word_1_215' title='bbox 872 2654 1094 2731; x_wconf 85' lang='lat' dir='ltr'>conjungitur.</span> 
     </span>
    </p>

    <p class='ocr_par' dir='ltr' id='par_1_8' title="bbox 115 2730 1032 2809">
     <span class='ocr_line' id='line_1_30' title="bbox 115 2730 1032 2809; baseline 0 -19"><span class='ocrx_word' id='word_1_216' title='bbox 115 2732 199 2809; x_wconf 88' lang='lat' dir='ltr'>Ergo</span> <span class='ocrx_word' id='word_1_217' title='bbox 211 2731 287 2808; x_wconf 86' lang='lat' dir='ltr'>jure</span> <span class='ocrx_word' id='word_1_218' title='bbox 303 2734 425 2790; x_wconf 80' lang='lat' dir='ltr'>naturae</span> <span class='ocrx_word' id='word_1_219' title='bbox 443 2730 566 2790; x_wconf 89' lang='lat' dir='ltr'>cultum</span> <span class='ocrx_word' id='word_1_220' title='bbox 582 2735 756 2791; x_wconf 80' lang='lat' dir='ltr'>externum</span> <span class='ocrx_word' id='word_1_221' title='bbox 771 2732 839 2794; x_wconf 89' lang='lat' dir='ltr'>Deo</span> <span class='ocrx_word' id='word_1_222' title='bbox 863 2731 1032 2793; x_wconf 91' lang='lat' dir='ltr'>debemus.</span> 
     </span>
    </p>
   </div>
   <div class='ocr_carea' id='block_1_6' title="bbox 81 2854 1093 3076">
    <p class='ocr_par' dir='ltr' id='par_1_9' title="bbox 81 2854 1093 3076">
     <span class='ocr_line' id='line_1_31' title="bbox 81 2854 1093 2929; baseline 0.006 -16"><span class='ocrx_word' id='word_1_223' title='bbox 81 2856 145 2915; x_wconf 81' lang='grc'><strong>117.</strong></span> <span class='ocrx_word' id='word_1_224' title='bbox 168 2888 206 2897; x_wconf 91' lang='lat'>·-</span> <span class='ocrx_word' id='word_1_225' title='bbox 228 2857 340 2915; x_wconf 77' lang='lat' dir='ltr'>Tussis</span> <span class='ocrx_word' id='word_1_226' title='bbox 361 2854 411 2914; x_wconf 92' lang='lat' dir='ltr'>lll.</span> <span class='ocrx_word' id='word_1_227' title='bbox 433 2859 498 2915; x_wconf 85' lang='lat' dir='ltr'>Deo</span> <span class='ocrx_word' id='word_1_228' title='bbox 517 2855 643 2916; x_wconf 78' lang='lat' dir='ltr'>debitus</span> <span class='ocrx_word' id='word_1_229' title='bbox 660 2858 704 2917; x_wconf 82' lang='lat' dir='ltr'>cat</span> <span class='ocrx_word' id='word_1_230' title='bbox 719 2856 824 2917; x_wconf 84' lang='lat' dir='ltr'>cultus</span> <span class='ocrx_word' id='word_1_231' title='bbox 839 2860 937 2917; x_wconf 81' lang='lat' dir='ltr'>etr&#39;am</span> <span class='ocrx_word' id='word_1_232' title='bbox 951 2859 1093 2929; x_wconf 76' lang='lat' dir='ltr'>sociott&#39;s,</span> 
     </span>
     <span class='ocr_line' id='line_1_32' title="bbox 113 2935 1091 3076; baseline 0.004 -82"><span class='ocrx_word' id='word_1_233' title='bbox 113 2952 300 3076; x_wconf 44' lang='grc' dir='ltr'>ιᾳθτῖκιιεῧρθ</span> <span class='ocrx_word' id='word_1_234' title='bbox 315 2936 355 2995; x_wconf 85' lang='lat' dir='ltr'>ab</span> <span class='ocrx_word' id='word_1_235' title='bbox 370 2935 554 2996; x_wconf 79' lang='lat' dir='ltr'>bontintbus</span> <span class='ocrx_word' id='word_1_236' title='bbox 571 2936 758 2995; x_wconf 80' lang='lat' dir='ltr'>societatem</span> <span class='ocrx_word' id='word_1_237' title='bbox 777 2937 1023 3009; x_wconf 77' lang='lat' dir='ltr'>efformuntr&#39;bus</span> <span class='ocrx_word' id='word_1_238' title='bbox 1043 2956 1091 2999; x_wconf 84' lang='lat' dir='ltr'>ce·</span> 
     </span>
    </p>
   </div>
   <div class='ocr_carea' id='block_1_7' title="bbox 73 3138 1092 3618">
    <p class='ocr_par' dir='ltr' id='par_1_10' title="bbox 73 3138 1092 3457">
     <span class='ocr_line' id='line_1_33' title="bbox 111 3138 1090 3215; baseline 0.002 -15"><span class='ocrx_word' id='word_1_239' title='bbox 111 3143 204 3201; x_wconf 84' lang='lat' dir='ltr'>Nota.</span> <span class='ocrx_word' id='word_1_240' title='bbox 233 3138 345 3199; x_wconf 84' lang='lat' dir='ltr'>Cultus</span> <span class='ocrx_word' id='word_1_241' title='bbox 372 3143 528 3199; x_wconf 83' lang='lat' dir='ltr'>externus</span> <span class='ocrx_word' id='word_1_242' title='bbox 548 3143 658 3215; x_wconf 90' lang='lat' dir='ltr'>potest</span> <span class='ocrx_word' id='word_1_243' title='bbox 676 3154 750 3200; x_wconf 87' lang='lat' dir='ltr'>esse</span> <span class='ocrx_word' id='word_1_244' title='bbox 769 3139 823 3201; x_wconf 88' lang='lat' dir='ltr'>vel</span> <span class='ocrx_word' id='word_1_245' title='bbox 843 3144 941 3202; x_wconf 91' lang='lat' dir='ltr'>unius</span> <span class='ocrx_word' id='word_1_246' title='bbox 955 3147 1090 3214; x_wconf 88' lang='lat' dir='ltr'>tantum,</span> 
     </span>
     <span class='ocr_line' id='line_1_34' title="bbox 76 3219 1092 3297; baseline 0.005 -18"><span class='ocrx_word' id='word_1_247' title='bbox 76 3226 125 3279; x_wconf 88' lang='lat' dir='ltr'>aut</span> <span class='ocrx_word' id='word_1_248' title='bbox 148 3219 303 3295; x_wconf 84' lang='lat' dir='ltr'>plurium,</span> <span class='ocrx_word' id='word_1_249' title='bbox 331 3227 493 3296; x_wconf 90' lang='lat' dir='ltr'>quatenus</span> <span class='ocrx_word' id='word_1_250' title='bbox 509 3220 724 3297; x_wconf 84' lang='lat' dir='ltr'>singulorum,</span> <span class='ocrx_word' id='word_1_251' title='bbox 741 3222 794 3281; x_wconf 89' lang='lat' dir='ltr'>vel</span> <span class='ocrx_word' id='word_1_252' title='bbox 809 3222 972 3282; x_wconf 85' lang='lat' dir='ltr'>hominurn</span> <span class='ocrx_word' id='word_1_253' title='bbox 989 3225 1092 3284; x_wconf 91' lang='lat' dir='ltr'>socie·</span> 
     </span>
     <span class='ocr_line' id='line_1_35' title="bbox 74 3299 1092 3377; baseline 0.004 -18"><span class='ocrx_word' id='word_1_254' title='bbox 74 3304 168 3359; x_wconf 88' lang='lat' dir='ltr'>tatem</span> <span class='ocrx_word' id='word_1_255' title='bbox 186 3299 438 3373; x_wconf 83' lang='lat' dir='ltr'>efformantium,</span> <span class='ocrx_word' id='word_1_256' title='bbox 456 3304 489 3359; x_wconf 91' lang='lat' dir='ltr'>et</span> <span class='ocrx_word' id='word_1_257' title='bbox 505 3304 670 3377; x_wconf 89' lang='lat' dir='ltr'>quatenus</span> <span class='ocrx_word' id='word_1_258' title='bbox 687 3304 738 3360; x_wconf 90' lang='lat' dir='ltr'>est</span> <span class='ocrx_word' id='word_1_259' title='bbox 751 3305 844 3362; x_wconf 86' lang='lat' dir='ltr'>actus</span> <span class='ocrx_word' id='word_1_260' title='bbox 865 3302 994 3363; x_wconf 89' lang='lat' dir='ltr'>socialis</span> <span class='ocrx_word' id='word_1_261' title='bbox 1017 3321 1024 3361; x_wconf 91' lang='lat'>:</span> <span class='ocrx_word' id='word_1_262' title='bbox 1051 3303 1092 3363; x_wconf 94' lang='lat' dir='ltr'>de</span> 
     </span>
     <span class='ocr_line' id='line_1_36' title="bbox 73 3379 368 3457; baseline 0.007 -19"><span class='ocrx_word' id='word_1_263' title='bbox 73 3379 129 3441; x_wconf 90' lang='lat' dir='ltr'>isto</span> <span class='ocrx_word' id='word_1_264' title='bbox 145 3394 235 3440; x_wconf 94' lang='lat' dir='ltr'>nunc</span> <span class='ocrx_word' id='word_1_265' title='bbox 250 3382 368 3457; x_wconf 84' lang='lat' dir='ltr'>agitur.</span> 
     </span>
    </p>

    <p class='ocr_par' dir='ltr' id='par_1_11' title="bbox 74 3458 1089 3618">
     <span class='ocr_line' id='line_1_37' title="bbox 109 3458 1089 3533; baseline 0.003 -13"><span class='ocrx_word' id='word_1_266' title='bbox 109 3460 281 3521; x_wconf 84' lang='lat' dir='ltr'>Probatur.</span> <span class='ocrx_word' id='word_1_267' title='bbox 301 3462 330 3521; x_wconf 85' lang='lat'>1⁰</span> <span class='ocrx_word' id='word_1_268' title='bbox 346 3458 496 3520; x_wconf 81' lang='lat' dir='ltr'>Officium</span> <span class='ocrx_word' id='word_1_269' title='bbox 512 3458 641 3520; x_wconf 90' lang='lat' dir='ltr'>colendi</span> <span class='ocrx_word' id='word_1_270' title='bbox 658 3460 767 3520; x_wconf 88' lang='lat' dir='ltr'>Deum</span> <span class='ocrx_word' id='word_1_271' title='bbox 784 3460 928 3533; x_wconf 87' lang='lat' dir='ltr'>realiter,</span> <span class='ocrx_word' id='word_1_272' title='bbox 951 3462 1089 3524; x_wconf 90' lang='lat' dir='ltr'>interius</span> 
     </span>
     <span class='ocr_line' id='line_1_38' title="bbox 74 3540 1089 3618; baseline 0.007 -20"><span class='ocrx_word' id='word_1_273' title='bbox 74 3543 103 3599; x_wconf 91' lang='lat' dir='ltr'>et</span> <span class='ocrx_word' id='word_1_274' title='bbox 118 3544 263 3603; x_wconf 81' lang='lat' dir='ltr'>exterius</span> <span class='ocrx_word' id='word_1_275' title='bbox 277 3544 431 3618; x_wconf 79' lang='lat' dir='ltr'>praestare</span> <span class='ocrx_word' id='word_1_276' title='bbox 447 3540 550 3601; x_wconf 90' lang='lat' dir='ltr'>debet</span> <span class='ocrx_word' id='word_1_277' title='bbox 563 3540 675 3612; x_wconf 81' lang='lat' dir='ltr'>hamc,</span> <span class='ocrx_word' id='word_1_278' title='bbox 692 3556 760 3601; x_wconf 89' lang='lat' dir='ltr'>non</span> <span class='ocrx_word' id='word_1_279' title='bbox 776 3540 1089 3617; x_wconf 86' lang='lat' dir='ltr'>quidem-abstracte</span> 
     </span>
    </p>
   </div>
   <div class='ocr_carea' id='block_1_8' title="bbox 102 3694 359 3759">
    <p class='ocr_par' dir='ltr' id='par_1_12' title="bbox 102 3694 359 3759">
     <span class='ocr_line' id='line_1_39' title="bbox 102 3694 359 3759; baseline 0 -16"><span class='ocrx_word' id='word_1_280' title='bbox 102 3696 133 3759; x_wconf 83' lang='grc'>(1)</span> <span class='ocrx_word' id='word_1_281' title='bbox 149 3694 190 3745; x_wconf 87' lang='lat' dir='ltr'>Ad</span> <span class='ocrx_word' id='word_1_282' title='bbox 203 3696 281 3745; x_wconf 87' lang='lat' dir='ltr'>Rom.</span> <span class='ocrx_word' id='word_1_283' title='bbox 296 3709 319 3743; x_wconf 87' lang='lat' dir='ltr'>c.</span> <span class='ocrx_word' id='word_1_284' title='bbox 336 3694 359 3743; x_wconf 88' lang='lat'>1.</span> 
     </span>
    </p>
   </div>
   <div class='ocr_carea' id='block_1_9' title="bbox 0 0 1326 4250">
    <p class='ocr_par' dir='ltr' id='par_1_13' title="bbox 0 0 1326 4250">
     <span class='ocr_line' id='line_1_40' title="bbox 0 0 1326 4250; baseline 0 3"><span class='ocrx_word' id='word_1_285' title='bbox 0 0 1326 4250; x_wconf 95' lang='lat' dir='ltr'> </span> 
     </span>
    </p>
   </div>
  </div>
 </body>
</html>
