2642 4250
413 304 513 366 0111101
538 303 696 347 sanctinis.
1012 287 1067 344 113

56 421 187 488 naturam
205 432 302 492 porro
318 417 352 477 id
367 417 500 478 minime
510 416 610 478 docet
624 420 777 493 superius
790 422 949 497 systema,
973 417 1064 496 quod

56 513 185 557 omnem
206 502 407 572 potestatem
430 496 613 557 addemme
632 499 766 574 repetit.

95 578 125 636 2ο
145 578 258 646 000001
269 578 402 637 modum
416 593 481 654 quo
498 595 516 638 a
535 579 603 637 Deo
620 576 809 638 confertur:
826 579 893 638 11000
914 582 1064 655 potestas

55 654 166 726 datur,¹
181 673 249 716 non
270 672 331 733 per
348 657 526 732 specialem
550 658 715 718 actionem
734 659 786 718 vel
815 660 1066 719 concessionem

55 752 74 795 a
107 736 267 796 creatione
294 735 492 808 distinctam,
517 736 578 796 sed
606 753 667 812 per
693 736 830 798 modum
854 740 1065 814 proprietatis

56 818 286 892 consequentis
307 821 468 884 naturam,
491 829 613 893 nempe
636 819 752 878 medio·
768 817 944 879 dictamine
965 821 1063 880 ratio-

55 897 107 955 nis
139 896 303 968 naturalis‚
329 913 399 972 quae
429 897 573 957 ostendit
594 899 700 958 Deum
723 896 855 959 dedisse
875 898 1065 959 hominihus

54 980 262 1051 potestatem,
292 976 335 1035 ad
353 992 447 1038 suam
462 979 744 1040 conservationem
761 983 794 1038 et
809 981 1063 1040 convenientem

54 1056 336 1133 gubernationem,
352 1058 584 1117 necessariam.
851 1105 853 1110 .

95 1137 123 1195 3⁰
137 1139 249 1204 Quarti
260 1139 384 1210 tempas
398 1152 463 1213 quo
480 1135 585 1207 datur,
602 1137 668 1197 haec
684 1141 831 1213 potestas
843 1153 911 1197 non
924 1138 1064 1200 resultat

54 1215 87 1273 in
107 1219 219 1275 natura
240 1215 384 1277 humana
405 1215 512 1276 donec
534 1218 684 1277 homines
704 1218 738 1277 in
759 1233 859 1277 unam
881 1218 1063 1292 perfectam

56 1297 319 1356 communitatem
336 1304 583 1375 congregentur
598 1302 630 1357 01
644 1295 778 1373 politice
788 1297 953 1370 uniantur,
963 1299 1061 1376 siqui·
1087 1361 1091 1368 ,

57 1373 129 1432 dem
141 1389 209 1435 non
225 1378 323 1437 estin
337 1377 474 1454 singulis
489 1377 677 1438 hominibus
694 1377 822 1439 divisim
833 1379 983 1454 sumptis
999 1395 1062 1438 nec

55 1454 87 1512 in
114 1455 305 1516 collectione
330 1457 383 1516 vel
404 1455 612 1516 multitudine
638 1473 751 1517 eorum
768 1458 862 1534 quasi
878 1456 1014 1518 confuse
1029 1463 1064 1518 et

56 1537 122 1592 sine
146 1538 268 1596 unione
295 1538 519 1597 membrorum
543 1537 576 1596 in
602 1553 706 1597 unum
728 1553 862 1613 corpus;
886 1539 947 1598 sed
969 1538 1061 1611 dum,

55 1613 147 1674 unitis
167 1614 390 1676 voluntatibus
406 1621 439 1676 et
453 1617 577 1676 viribus
591 1615 787 1677 familiarum
801 1617 940 1693 plurium
965 1633 1059 1678 cons-

57 1694 173 1754 tituitur
193 1695 257 1754 hoc
274 1711 393 1772 corpus
407 1696 587 1773 politicum,
603 1700 713 1758 statim
723 1698 756 1757 in
766 1697 821 1756 illo
838 1701 889 1756 est
903 1700 1061 1774 potestas.

57 1774 159 1849 ltaque
175 1789 216 1834 eo
227 1776 298 1851 ipso
310 1775 399 1852 quod
411 1792 530 1852 corpus
545 1776 714 1850 politicum
728 1777 950 1849 materialiter,
966 1783 1004 1838 ut
1016 1780 1060 1839 ita

58 1851 167 1923 dicam,
187 1854 391 1930 producitur,
416 1853 595 1917 formaliter
613 1861 809 1932 potestatem
826 1860 969 1929 sortitur,
991 1874 1059 1918 non

58 1948 145 1991 secus
159 1949 198 1992 ac
209 1950 269 2009 per
282 1935 532 2012 generationem
546 1934 631 1996 filius
646 1937 780 1997 sortitur
807 1936 1011 1997 intellectum
1026 1943 1060 1998 01

57 2013 261 2086 volunlatem,
290 2016 365 2076 etsi·
378 2021 533 2092 parentes
559 2015 601 2076 de
616 2016 677 2076 hac
692 2032 728 2076 re
742 2017 866 2078 nullam
881 2018 1059 2092 specialem

57 2093 250 2155 voluntatem
265 2093 417 2169 habeant,
432 2097 493 2158 sed
508 2100 632 2157 tantum
647 2095 849 2157 voluntatem
863 2097 1057 2175 generandi.

56 2174 125 2233 llinc
146 2176 324 2251 requiritur
345 2178 495 2237 voluntas
517 2178 687 2237 hominum
711 2183 747 2236 ut
767 2175 950 2252 perfectam
965 2195 1054 2239 com-

56 2253 241 2315 munitatem
275 2262 485 2333 componant,
511 2274 578 2317 non
611 2264 724 2318 autem
752 2257 904 2318 voluntas
936 2259 1056 2319 consti·

56 2332 159 2393 tuendi
181 2338 391 2409 potestatem,
409 2353 478 2413 quae
496 2354 514 2397 a
539 2339 607 2397 Deo
624 2343 675 2397 est
688 2336 791 2399 indita
821 2354 859 2397 eo
875 2338 946 2413 ipso
968 2337 1059 2415 quod

55 2416 180 2473 materia
192 2419 243 2475 est
253 2414 476 2490 aptaadillam
490 2421 647 2494 tanquam
656 2415 807 2489 formam,
823 2417 1056 2493 recipiendam.

88 2494 118 2551 10
140 2497 254 2563 Quoad
265 2496 442 2571 subjectam
456 2496 556 2557 :licet
574 2497 640 2557 haec
651 2500 797 2573 potestas
811 2497 853 2557 sit
866 2495 967 2557 veluti
976 2514 1055 2572 pro-

57 2573 168 2645 prietas
196 2576 353 2636 naturalis
380 2574 534 2651 perfectae
559 2577 812 2647 communitatis,
838 2582 875 2636 ut
902 2577 973 2637 talis
993 2582 1055 2648 est,

56 2658 157 2711 tamen
179 2652 213 2711 in
241 2670 280 2714 ea
302 2670 368 2719 non
392 2660 442 2715 est.
463 2656 723 2720 immutabiliter:
752 2655 893 2733 sed-per
915 2673 1054 2717 consen-

54 2746 119 2789 sum
133 2732 306 2809 ipsiusmet
318 2736 566 2805 communitatis
582 2735 634 2795 vel
646 2736 812 2812 peraliam
822 2736 949 2815 justam
958 2738 1054 2812 vlam,

53 2817 155 2883 potest
170 2812 347 2875 transferri.
378 2815 639 2887 «Communitas
660 2816 766 2892 inquit
786 2818 916 2889 Sumen,
947 2822 1059 2893 potest

53 2892 149 2952 scilla
164 2894 316 2969 spoliare,
332 2895 358 2955 si
373 2896 452 2957 velit
468 2919 494 2967 1,
510 2900 543 2955 01
559 2900 635 2955 tunc
649 2896 767 2955 transit
777 2901 845 2957 tota
860 2897 926 2956 1100
946 2901 1056 2972 potes·
1152 2941 1155 2949 .

54 2972 94 3029 tas
112 2976 177 3031 turn
192 2974 303 3051 quoad
316 2990 352 3035 se
369 2981 439 3035 tum
454 2974 565 3053 quoad
581 2976 773 3035 exercitium
796 2976 830 3036 in
857 2977 1055 3053 principem.

51 3048 141 3112 Porro
157 3054 354 3115 contrarium
370 3054 468 3116 docet
483 3060 670 3115 contractus
684 3054 823 3122 sociatis.
1043 3073 1046 3078 ’

83 3132 309 3195 aaa-Cardo
327 3139 425 3198 totius
435 3134 623 3214 systematis
637 3135 916 3207 scholasticorum,
939 3139 1056 3212 quate-

51 3210 194 3273 nusillud
209 3229 227 3273 a
242 3217 337 3275 tertio
350 3215 486 3277 inferius
502 3214 697 3292 explicando
715 3214 937 3292 distinguitur,
947 3219 1057 3290 potest
1081 3295 1083 3298 Ι

50 3288 86 3350 ita
110 3293 257 3369 concipi:
278 3318 290 3348 α
312 3294 461 3356 Potestas
477 3296 590 3369 civiliS,
608 3296 716 3373 inquit
729 3296 861 3368 Suarez,
878 3297 1008 3372 quoties
1022 3295 1056 3354 in

50 3386 107 3431 uno
119 3371 265 3445 homine,
281 3374 335 3435 vel
348 3374 496 3453 principe
511 3375 686 3451 reperitur,
708 3375 852 3451 legitimo
870 3391 908 3434 ac
922 3374 1056 3435 ordino-

51 3452 92 3510 rio
102 3452 193 3525 jure,
206 3470 228 3513 0
236 3454 362 3529 populo
374 3460 402 3516 01
417 3456 646 3515 communitate
665 3456 821 3526 manauit,
835 3454 886 3514 001
901 3454 1057 3529 promime

51 3530 91 3589 001
104 3539 237 3607 remote,
254 3549 317 3596 nec
331 3539 442 3611 potest
456 3534 550 3597 aliter
559 3535 685 3610 haberi,
701 3541 738 3596 ut
747 3534 839 3613 iusta
849 3534 892 3596 sit
904 3530 960 3614 (1).
978 3557 991 3586 2

77 3708 107 3771 (1)
122 3708 161 3759 De
175 3708 224 3771 leg.
239 3708 257 3759 1.
273 3702 312 3771 111,
327 3725 350 3759 c.
365 3710 389 3773 l,
405 3725 431 3761 n.
445 3710 470 3760 2.
