2642 4250
430 297 432 308 .
476 252 577 296 minut
600 251 755 295 senentis.
1069 235 1126 296 155

145 367 307 426 Probatur
326 367 359 427 2²
375 383 468 442 pars.
495 369 559 426 tex
584 371 634 426 est
658 369 837 443 propositio
863 367 1002 448 alicujus
1023 366 1125 431 medii

89 447 235 521 positivi
250 447 303 506 vel
317 447 461 526 negativi
490 447 684 524 obligatorio
713 448 825 519 modo,
851 455 883 506 et
905 446 947 507 ad
974 448 1122 517 rationis,

91 525 186 586 inde
202 532 233 586 et
253 525 389 598 ordinis
412 543 560 588 normam
578 525 672 586 iacta.
698 528 797 605 Atqui
823 527 928 587 ordini
952 533 986 588 et
1005 528 1124 590 rationi

95 610 271 683 repugnat
285 611 321 666 ut
337 622 375 666 ea
389 622 458 683 quae
481 605 524 666 ad
538 609 744 682 superiorem
760 605 918 668 ordinem
940 607 1120 682 pertinent,

98 687 247 764 quisque
262 684 395 748 inferior
417 685 615 748 determinet
632 705 638 745 ι
655 685 690 746 id
709 689 796 747 enim
822 687 978 764 importat
1000 685 1124 748 ordinis

98 765 284 843 superioris
311 766 605 842 perturbationem
633 782 671 825 ao
694 765 834 842 proinde
863 765 943 826 ordo
973 770 1124 839 superior

99 849 189 907 tunc
202 845 296 906 tieret
311 847 472 907 obnoxius
487 846 592 907 ordini
614 844 772 914 inferiori,
799 846 890 923 quod
913 846 1123 908 manifestam

100 926 239 986 involvit
268 925 517 986 absurditatem.
554 928 638 1004 Ergo
675 931 822 1002 potestas
850 923 987 1005 legifera
1023 926 1123 987 civilis

100 1008 223 1082 nequit
234 1006 332 1066 etiam
343 1006 453 1066 media
464 1010 600 1066 externa
611 1006 822 1082 praescribere
835 1023 905 1084 quae
917 1005 958 1066 ad
973 1006 1123 1067 ordinem

103 1087 314 1160 superiorem
328 1089 445 1146 natura
462 1103 521 1145 sua
536 1087 751 1162 pertinerent.

147 1166 216 1226 275.
234 1199 273 1207 -
290 1166 521 1225 corollarium.
537 1167 621 1244 Ergo
644 1171 792 1241 potestas
808 1165 908 1228 civilis
935 1166 1123 1226 immiscere

103 1261 143 1304 se
159 1245 406 1322 nequitiisque
421 1245 597 1306 relationes
609 1246 789 1321 respiciunt
799 1246 940 1306 hominis
952 1245 995 1306 ad
1005 1246 1123 1314 Deum,

105 1341 245 1401 qumque
261 1325 400 1400 proinde
413 1331 490 1385 sunt
503 1324 675 1400 potestatis
694 1327 857 1403 religiosae
883 1344 889 1382 :
913 1324 986 1385 finis
1009 1330 1123 1400 potes-

104 1404 180 1464 tatis
203 1405 306 1464 civilis
331 1407 487 1480 proprius
513 1409 541 1463 ct
572 1407 711 1465 directus
745 1411 796 1466 est
826 1406 959 1481 politica
986 1404 1124 1466 felicitas

106 1485 358 1556 communitatis;
375 1489 485 1563 itaque
500 1485 551 1544 illa
568 1488 716 1562 potestas
732 1485 773 1545 ad
788 1501 842 1545 res
856 1486 1043 1561 spirituales
1057 1501 1124 1544 non

105 1563 303 1625 extenditur.
328 1565 439 1624 Potest
463 1569 573 1624 tamen
599 1569 632 1625 et
658 1565 759 1625 debet
794 1567 971 1625 auctoritas
1008 1565 1121 1634 civilis,

105 1647 286 1721 praesertim
300 1647 333 1705 in
349 1645 551 1720 principibus
573 1643 736 1713 fidelibus
755 1647 798 1705 ita
814 1647 961 1704 exerceri
989 1649 1026 1704 ut
1051 1645 1125 1721 ejus

105 1740 185 1784 usus
201 1722 363 1801 dirigatur
378 1723 419 1784 ad
435 1723 643 1784 subditorum
665 1725 802 1793 bonum,
829 1725 928 1784 etiam
953 1723 1124 1798 spirituale

11 1833 13 1842 =
106 1809 139 1864 et
162 1808 328 1872 aeteruum,
354 1805 442 1881 quod
462 1803 531 1864 fieri
556 1809 667 1879 potest
686 1804 859 1880 dupliciter
882 1824 889 1864 :
915 1808 944 1864 1ο
964 1805 1122 1878 repolire.

105 1899 167 1944 seu
186 1899 249 1960 per
264 1886 594 1960 circumspectionem
609 1884 689 1944 nihil
704 1884 872 1944 statuendi
889 1883 978 1960 quod
994 1886 1034 1945 sit
1050 1898 1125 1942 con·

106 1962 240 2024 trarium
267 1961 323 2022 fini
359 1965 614 2040 supernaturali3
640 1968 673 2026 et
690 1965 763 2025 ,inec
785 1965 945 2024 ordinatio
970 1963 1125 2040 negativa
1191 2005 1196 2016 .

106 2050 157 2104 est
172 2041 215 2102 de
230 2048 416 2118 pr1acepto;
444 2047 476 2105 2⁰
489 2047 632 2118 positivo,
665 2048 698 2103 et
721 2045 785 2104 hec
812 2047 954 2120 positiva
987 2043 1122 2103 directio

106 2128 156 2184 est
176 2127 306 2184 tantum
322 2122 363 2184 de
379 2126 527 2189 oonsilio.
545 2126 640 2183 etiam
656 2126 689 2184 in
712 2126 914 2200 principibus
941 2124 1123 2184 christianis

106 2208 139 2264 et
163 2204 341 2272 catholicis
371 2205 433 2264 nisi
461 2205 643 2265 necessitas
671 2206 725 2265 vel
752 2209 953 2281 preceptum
981 2203 1124 2281 speciale

104 2285 190 2345 hanc
205 2282 448 2344 ordinationem
462 2286 618 2360 postulet.

144 2364 216 2424 276.
234 2396 272 2405 -·
288 2366 331 2422 Dr
344 2369 508 2437 potestatis
523 2363 669 2436 ieciscrae
683 2371 711 2423 ct
727 2363 835 2439 leptim
850 2366 986 2425 dotibus.
1003 2361 1124 2422 Ditioni

105 2444 279 2520 potestatis
296 2443 393 2503 civilis
417 2460 496 2521 ergo
512 2443 700 2505 subduntur
722 2459 761 2503 ea
783 2460 853 2519 quae
878 2449 1014 2503 externa
1047 2445 1126 2501 sunt
1190 2469 1197 2487 κ

106 2529 140 2583 et
161 2526 275 2585 civium
311 2523 487 2584 relationes
515 2525 601 2584 inter
628 2538 665 2583 se
698 2523 818 2583 intuitu
838 2522 912 2583 finis
942 2524 1124 2581 communis

106 2602 306 2681 assequendi
321 2604 520 2681 respiciunt;
537 2606 601 2663 imo
614 2606 647 2663 et
662 2604 770 2679 poenis
780 2604 907 2663 sancire
924 2602 993 2679 quit
1004 2600 1123 2662 eadem

14 2694 15 2697 ’
107 2688 255 2759 potestas
276 2684 518 2761 praeceptiones
528 2684 613 2756 juris
634 2684 791 2743 naturalis
807 2687 840 2742 et
855 2682 955 2743 divini
980 2681 1119 2756 positivi.

13 2774 14 2779 ’
108 2764 183 2823 llaec
218 2766 376 2838 potestas,
413 2764 487 2823 dum
522 2764 555 2823 in
591 2778 727 2822 suorum
754 2764 892 2822 limitum
926 2760 1124 2822 naturalium

14 2874 15 2914 3
108 2842 232 2903 ambitu
253 2844 423 2917 spatiatur,
451 2843 551 2903 debet
575 2845 674 2903 etiam
694 2842 738 2901 ita
763 2843 915 2903 constitui
931 2846 968 2901 ut
991 2856 1060 2912 prae
1087 2856 1123 2900 se

13 2950 16 3000 p
107 2922 189 2983 ferat
218 2921 378 2999 quasdam
408 2923 503 2983 dotes
542 2922 758 2993 necessariae,
788 2938 910 2997 nempe
942 2922 1121 2990 solertium,

13 3019 17 3095 r
109 3002 356 3079 equabilitutcui
373 3006 406 3061 et
419 3004 625 3063 honestatem.

13 3095 17 3227 J¹

14 3356 20 3510 t

16 3609 20 3815 t

149 3086 176 3143 l⁰
199 3084 275 3144 Sine
297 3082 428 3143 solertia
456 3082 626 3161 legislator
648 3097 717 3142 non
745 3082 916 3142 enucleate
946 3079 1125 3155 dispiceret

109 3161 205 3224 finem
227 3162 394 3231 socialem,
421 3160 566 3237 ideoque
582 3162 668 3223 viam
683 3162 759 3223 illuc
776 3160 952 3221 ducentem
978 3158 1124 3219 multitu·

111 3242 173 3303 dini
188 3240 364 3303 ostendere
379 3258 446 3302 non
470 3244 622 3302 valeret:
647 3240 682 3301 id
707 3243 862 3316 importat
886 3237 1047 3317 quasdam
1073 3254 1124 3296 co·

110 3322 270 3400 gnitiones
286 3326 356 3382 tum
370 3323 600 3396 speculativas,
618 3327 697 3397 puta
712 3321 790 3381 boni
806 3327 839 3381 et
855 3320 979 3381 ordinis
995 3316 1124 3381 socialis

110 3404 139 3463 in
154 3418 290 3477 genere,
314 3401 501 3462 mediorum
516 3402 557 3462 ad
573 3402 661 3462 hunc
686 3400 787 3461 finem
812 3399 1020 3464 idoneorum,
1039 3397 1124 3475 juris

111 3483 175 3543 sive
201 3482 360 3543 naturalis
381 3484 449 3543 sive
474 3482 572 3543 divini
602 3482 743 3557 positivi,
774 3478 863 3557 quod
891 3495 934 3539 ne
963 3476 1122 3548 offendat,
1168 3548 1170 3551 .

112 3578 223 3624 cavere
260 3560 361 3621 dehet
401 3566 548 3637 potestas
578 3560 721 3637 publica,
752 3564 827 3630 etc,
856 3562 925 3618 turn
948 3558 1121 3634 practicae,

112 3642 229 3704 scilicet
242 3641 381 3721 hujusce
397 3642 575 3713 societatis,
602 3658 708 3719 quam¹
725 3638 890 3700 moderari
915 3638 1027 3711 debet,
1050 3636 1124 3717 ejus
