2642 4250
39 3666 115 3715 Q

214 233 270 294 104
515 251 696 296 anuvrnnmr
716 251 917 297 cariosorum

213 369 400 428 contractus
415 362 609 426 innominati
625 384 633 426 ε
649 368 690 428 do
707 372 740 426 at
756 368 826 441 dcs;
837 368 928 442 facio
942 371 977 426 at
990 366 1118 441 facias:
1132 367 1170 426 dc
1183 372 1214 427 ut

209 446 483 523 faetumfactum
499 447 562 508 des.

251 525 283 586 4ο
306 527 341 585 ln
362 528 549 587 contractus
573 526 660 586 bonae
671 526 750 601 fidei
764 529 797 586 et
809 527 913 588 stricti
921 527 1019 600 jurt's.
1035 527 1133 586 Bonae
1146 521 1217 585 fidei

210 605 265 668 hic
284 605 495 682 appellantur
514 610 711 682 contractus,
728 607 886 683 quianon
900 605 1054 684 rigorose
1071 603 1141 681 legi
1151 603 1217 682 jus·

204 685 285 758 litiae
309 685 537 764 subjiciuntur,
563 685 624 746 sed
647 686 828 764 benignam
851 685 1160 763 interpretationem
1184 699 1220 744 ex

210 779 304 842 aeque
325 769 357 826 et
375 767 463 826 bono
485 766 670 839 admittunt,
690 767 768 825 licet
780 766 814 827 id
828 765 937 826 verbis
951 779 1017 827 non
1032 763 1075 824 sit
1090 779 1217 840 expres·

212 859 296 919 sum.
323 845 404 906 Sunt
430 847 536 906 stricti
556 846 646 921 juris
669 845 802 923 quando
827 844 939 906 stricte
969 847 1222 922 interpretantur

201 922 397 986 'secundum
411 928 512 987 verba
528 940 696 1003 expressa.

251 1005 282 1064 5⁰
293 1004 328 1064 ln
333 1005 552 1080 principalem
562 1020 623 1066 seu
633 1004 930 1082 independentem‚
946 1007 981 1065 et
994 1005 1220 1074 accessorium,

211 1087 310 1160 prout
328 1084 388 1148 soli
409 1085 549 1145 existere
568 1090 721 1161 possunt,
742 1090 799 1146 aut
818 1087 858 1147 ab
877 1085 989 1161 aliqua
1003 1083 1220 1145 conventione

212 1161 374 1242 pendent,
390 1168 447 1223 aut
462 1179 535 1224 eam
549 1168 750 1241 supponunt.

251 1242 283 1304 6⁰
295 1245 330 1303 ln
343 1244 465 1304 reatem
480 1248 513 1304 et
525 1247 773 1328 consensualcm,
790 1247 889 1320 prout
901 1258 969 1303 non
984 1240 1153 1319 perficitur
1165 1241 1224 1302 nisi

211 1338 273 1400 per
286 1323 496 1384 traditionem
509 1323 557 1384 rei
573 1323 615 1388 de
631 1341 694 1402 qua
712 1325 913 1396 convenitur,
931 1327 988 1383 aut
1002 1323 1072 1385 solo
1089 1337 1224 1383 consen·
1290 1346 1292 1391 ς

213 1419 253 1464 su
267 1403 446 1464 absolvitur
460 1406 538 1481 quin
553 1404 601 1465 rei
614 1403 821 1467 traditionem
836 1403 990 1481 requirat.

251 1483 284 1544 7⁰
311 1483 461 1561 Denique
493 1484 527 1544 in
554 1483 728 1553 solemnem
755 1489 788 1545 et
814 1501 877 1544 non
909 1483 1092 1553 salemitano,
1130 1483 1226 1556 prout

212 1560 351 1640 requirit
379 1567 498 1623 certam
532 1564 774 1625 solemnitatem
806 1565 882 1643 lege
909 1564 1143 1642 prescriptam,
1176 1560 1226 1620 vel

217 1657 326 1705 secus.
716 1681 722 1690 -

257 1721 323 1784 190.
341 1754 378 1764 -
399 1722 433 1782 ln
458 1720 606 1798 quolibet
632 1727 803 1785 contractu
827 1722 886 1784 tria
912 1720 1054 1783 discerni
1074 1718 1224 1779 debent:

175 1836 177 1842 ·
218 1805 248 1863 1⁰
274 1801 513 1873 substantialia,
544 1818 614 1880 quae
643 1805 818 1865 essentiam
849 1803 1011 1881 cujusque
1045 1803 1230 1859 contractus

216 1883 434 1955 constituunt;
449 1883 482 1942 2⁰
502 1881 682 1955 naturalia,
705 1898 774 1959 quae
794 1884 890 1944 tacite
904 1883 1016 1942 insunt
1035 1879 1226 1952 contractui,

214 1963 275 2023 etsi
288 1961 325 2022 in
340 1961 410 2038 ipso
424 1977 580 2036 expressa
590 1977 657 2024 non
673 1961 753 2037 sint3
766 1964 797 2024 3ο
808 1963 994 2032 adventitia,
1011 1975 1083 2037 qua
1096 1958 1227 2028 adesse,

213 2041 266 2102 vel
281 2042 399 2101 abesse
414 2046 554 2116 possunt
568 2041 608 2101 ab
623 2042 756 2103 arbitrio
774 2041 1049 2112 contrahentium,
1065 2054 1128 2099 neo
1144 2037 1228 2099 drdi-
1298 2099 1300 2105 ,

217 2121 309 2183 narie
325 2120 506 2183 contractui
518 2121 640 2183 insunt.

255 2203 367 2279 ltaque
393 2201 561 2279 obligati0‚
583 2219 683 2279 quarn
697 2202 789 2279 'parit
808 2202 946 2281 quilibet
964 2204 1150 2263 contractus
1167 2200 1230 2257 rite

214 2284 327 2352 imtus,
349 2297 384 2341 se
406 2281 564 2350 extendit,
586 2299 652 2343 non
671 2282 770 2343 modo
790 2282 833 2343 ad
853 2299 892 2344 ea
912 2298 982 2359 que
1003 2284 1097 2357 pacto
1120 2276 1228 2354 expri-

213 2365 358 2433 muntur,
383 2377 500 2421 verum
525 2360 621 2421 etiam
649 2360 823 2423 adomnia
847 2363 1050 2423 consectaria
1074 2374 1145 2437 quae
1167 2373 1226 2434 pro

215 2442 440 2504 conventionis
454 2444 582 2514 natura,
598 2442 766 2518 postulant
780 2445 915 2520 aequitas
929 2446 962 2502 et
976 2456 1056 2501 usus
1074 2459 1081 2499 :
1099 2442 1228 2500 contra·

213 2520 332 2589 hentes
344 2520 430 2581 enim
446 2536 521 2582 curn
534 2521 623 2582 bona
636 2519 702 2582 fide
718 2537 818 2599 agere
833 2525 1021 2592 censentur,
1036 2536 1074 2580 ac
1088 2514 1231 2596 proinde

213 2601 299 2661 velle
318 2603 515 2676 reputantur
533 2616 600 2661 non
621 2601 719 2663 modo
744 2602 971 2662 substantialia
990 2598 1230 2667 conventionis,

213 2679 383 2741 sedetiam
392 2681 562 2752 naturalia,
576 2695 637 2740 seu
650 2680 683 2740 id
699 2696 796 2741 omne
811 2680 900 2759 quod
914 2682 955 2741 ab
971 2697 1012 2743 ea
1025 2678 1116 2740 nasci
1130 2677 1228 2739 solet.

213 2818 249 2869 11.
279 2818 318 2869 De
339 2818 415 2868 modo
428 2835 459 2870 ac
476 2816 622 2869 conditione
640 2818 784 2869 contractui
807 2818 903 2884 adjecta
925 2823 1002 2882 atque
1019 2817 1051 2867 de
1074 2817 1233 2867 extinctione

461 2878 623 2945 obligationis
636 2896 668 2929 ex
682 2884 814 2931 contractu
827 2882 989 2945 emergentia

258 2995 325 3057 191.
339 3028 376 3038 -
390 2998 505 3058 Modus
521 2999 701 3059 contractui
717 2997 813 3076 adjici
828 3001 948 3074 potest,
966 2997 1094 3059 addens
1109 2994 1234 3074 aliquid

214 3077 248 3139 in
274 3090 359 3136 onus
383 3080 439 3136 aut
461 3074 605 3138 favorem
632 3079 729 3138 unius
752 3081 871 3154 partis;
892 3079 973 3139 item
995 3078 1132 3139 conditio
1153 3089 1230 3153 quae

214 3161 414 3216 contractum
429 3156 624 3233 plerumque
639 3156 814 3232 suspendit
828 3157 935 3219 donec
947 3156 1020 3233 ipsa
1035 3156 1229 3233 impleatur;

214 3234 282 3295 boec
298 3240 528 3310 computantur
539 3238 627 3297 inter
641 3235 819 3299 adventitia
834 3241 1030 3298 contractus.

257 3318 286 3375 l⁰
300 3315 386 3376 Medi
398 3316 618 3379 contractibus
632 3314 851 3394 preficiantur
865 3321 936 3378 tum
949 3316 993 3377 ad
1006 3318 1090 3377 dmm
1105 3314 1230 3393 obliga·

216 3393 313 3455 tionis
336 3394 508 3470 implendae
534 3394 831 3469 determinandum,
848 3400 916 3459 tum
939 3395 982 3457 ad
1001 3394 1230 3472 poencmresi-

215 3473 308 3534 lienti
320 3473 541 3547 indicendam,
559 3481 641 3549 etc.;
659 3477 811 3539 servandi
825 3481 913 3547 sunt,
929 3476 991 3538 nisi
1006 3480 1063 3536 aut
1077 3475 1231 3535 substan·

216 3553 270 3613 tiae
286 3558 689 3634 contractus-repugnent,
705 3560 762 3619 aut
775 3558 841 3617 sint
854 3562 968 3633 turpes
982 3557 1035 3617 vel
1049 3554 1232 3633 impossibi-

214 3633 277 3706 les,
295 3648 360 3711 quo
378 3649 456 3695 casu
468 3650 529 3711 pro
543 3650 612 3699 non
626 3634 764 3715 adjectis
777 3636 953 3699 habentur.
