2642 4250
193 267 250 327 134
498 285 677 329 onavttaruu
698 286 898 352 rurtosoruua

191 417 257 460 non
276 396 574 476 praetergrediatur;
604 401 696 476 atqui
725 401 813 460 hona
841 405 987 466 externa,
1014 415 1074 461 seu
1098 415 1206 476 gene·

190 483 287 542 ratim
300 478 381 540 ordo
405 479 546 540 exterior
561 495 599 538 ae
614 480 748 540 visibilis
763 485 814 540 est
827 478 961 558 aliquod
976 481 1101 540 honum
1114 482 1206 540 vires

191 558 359 620 naturales
373 559 524 631 hominis
546 559 664 619 saltem
687 560 850 621 collectim
870 564 1029 636 sumptae,
1053 576 1120 620 non
1144 576 1204 619 ex-

194 640 329 710 cedens,
347 637 436 715 quod
458 637 597 714 proinde
614 646 749 700 externa
767 643 851 701 entis
865 640 993 701 socialis
1010 642 1205 716 operatione

194 719 268 796 plus
282 719 432 779 minusve
448 716 593 794 perfecte
609 721 777 795 procurari
793 725 914 797 potest.
934 721 1027 797 Ergo.

234 803 316 860 Pars
330 801 372 858 2⁰.
390 799 474 858 Finis
489 799 543 858 ille
558 801 591 858 to
606 799 748 874 stapulas
762 803 864 860 socios
877 801 1045 866 redundet,
1062 813 1205 858 necesse

195 884 254 939 est.
287 882 315 939 l⁰
342 879 486 938 Societas
509 894 579 954 quae
603 879 640 938 ad
666 877 905 954 perfectionem
928 894 1063 939 suorum
1094 894 1202 938 mem-

193 958 329 1019 brorum
348 963 464 1018 natura
481 974 539 1017 sua
566 957 746 1028 ordinatur,
771 958 872 1020 debet
896 965 985 1020 certo
1008 973 1148 1035 vergere
1171 959 1206 1018 in

195 1037 417 1108 commodum,
447 1052 513 1097 non
540 1044 651 1096 autem
681 1040 713 1097 in
742 1037 976 1099 detrimentum
1004 1038 1202 1118 sociorum:

194 1133 290 1178 secus
314 1118 475 1179 socialitas
501 1120 589 1176 esset
618 1119 790 1177 instinctus
814 1119 936 1179 natura
959 1122 1072 1177 contra
1097 1118 1206 1194 ipsam

194 1202 356 1264 naturam,
382 1205 414 1257 et
442 1197 589 1257 collectio
606 1197 722 1257 virium
738 1199 845 1260 minus
860 1202 974 1274 posset
992 1214 1050 1273 pro
1066 1195 1207 1274 singulis

195 1293 294 1354 quam
309 1279 394 1338 vires
408 1276 625 1337 inrlividuales
642 1276 846 1338 distributive
861 1283 1008 1353 sumptae,
1037 1276 1127 1352 quod
1154 1277 1208 1336 est

194 1356 385 1417 absurdum.
413 1357 525 1433 ltaque
551 1372 671 1432 scopus
697 1360 861 1419 societatis
886 1358 987 1418 debet
1012 1372 1085 1416 esse
1110 1371 1206 1434 pros-

194 1440 318 1514 peritas
333 1437 538 1514 singulorum
552 1437 786 1497 membrorum.
848 1468 851 1475 =

234 1519 266 1578 2⁰
295 1519 329 1576 ln
352 1517 508 1577 societate
539 1516 622 1575 vires
649 1517 808 1576 uniuntur
833 1522 865 1576 et
888 1514 998 1575 media
1020 1513 1208 1577 communia

194 1597 392 1656 adhibentur
406 1603 441 1658 ut
456 1595 604 1656 collectio
620 1595 742 1656 bonum
758 1595 916 1673 consequi
931 1596 1045 1672 possit,
1062 1594 1103 1655 ad
1114 1592 1211 1670 quod
1311 1634 1313 1663 :

195 1677 317 1753 singuli
331 1678 481 1737 homines
510 1677 647 1736 seorsim
676 1677 798 1750 sumpti
828 1692 864 1736 se
886 1676 1036 1735 attollere
1065 1689 1133 1733 non
1152 1689 1210 1732 va-

193 1758 315 1825 lerent;
334 1757 422 1832 atqui
438 1753 669 1825 bonumillud,
693 1757 788 1832 cujus
815 1757 980 1831 possessio
1003 1758 1053 1814 est
1077 1752 1207 1813 fructus

195 1837 331 1896 actionis
366 1837 506 1907 socialis,
544 1839 594 1893 est
628 1835 749 1895 honum
786 1851 961 1895 commune
992 1832 1024 1894 in
1051 1839 1209 1894 concreto

194 1920 391 1992 spectatum,
417 1931 477 1975 seu
501 1919 665 1992 quatenus
678 1913 848 1989 adeptum,
864 1931 902 1974 ac
924 1911 1062 1990 proinde
1078 1912 1209 1988 aliquid

134 2011 139 2026 ·
197 1997 292 2072 cujus
317 1996 436 2074 singuli
461 1997 539 2055 socii
556 1993 779 2070 aliquomodo
804 1994 981 2070 participes
1003 1997 1091 2053 sunt.
1118 1995 1209 2069 Ergo

195 2075 285 2154 quod
310 2077 431 2137 bonurn
461 2079 510 2135 est
535 2071 608 2134 finis
631 2075 798 2135 societatis
824 2073 939 2144 civilis,
967 2072 1070 2133 dehet
1093 2073 1208 2151 aliquo

195 2156 299 2217 modo
315 2157 355 2217 ad
372 2157 519 2233 singulos
534 2159 699 2230 spectare.

236 2241 317 2296 Pars
331 2238 373 2297 3⁴.
392 2238 466 2295 llaec
481 2235 567 2295 bona
583 2234 744 2295 exteriora
761 2232 803 2292 ad
819 2246 969 2292 normam
986 2232 1110 2292 ordinis
1134 2246 1207 2288 mo-

193 2316 277 2375 ratis
300 2315 508 2379 determinari
525 2314 660 2385 debent,
678 2330 738 2374 seu
753 2313 794 2372 ab
817 2313 872 2372 illo
898 2311 1013 2373 ordine
1037 2308 1210 2370 informari

193 2411 333 2455 necesse
364 2396 496 2456 habent.
520 2394 646 2455 Etenim
675 2390 909 2454 omniamodia
933 2398 966 2451 et
989 2405 1103 2451 omnes
1124 2387 1213 2449 fines

195 2478 406 2549 particulares
422 2474 578 2550 adfinem
592 2474 746 2535 ultimum
762 2471 886 2531 directe
910 2472 964 2531 vel
987 2470 1146 2531 indirecte
1170 2486 1210 2528 se

196 2553 321 2616 referre
339 2555 472 2615 debent.
489 2556 587 2629 Atqui
602 2552 683 2613 ordo
706 2553 838 2613 moralis
855 2557 904 2610 est
919 2551 1053 2626 positiva
1072 2553 1104 2608 et
1120 2548 1208 2609 adae-

197 2641 296 2710 quata
312 2634 471 2696 ordinatio
498 2632 662 2694 adfinem
689 2633 850 2692 ultimum.
876 2633 960 2702 Ergo
983 2631 1093 2689 omnia
1116 2630 1210 2688 bona

197 2732 267 2792 qua
293 2731 359 2775 non
385 2714 585 2775 constituunt
611 2710 712 2772 tinem
740 2713 899 2782 ultimum,
930 2714 962 2769 et
988 2724 1210 2785 quaecumque

196 2794 305 2854 media
321 2794 363 2854 ad
382 2796 436 2858 illa
458 2793 648 2862 obtinenda,
678 2791 803 2851 directe
828 2790 881 2851 vel
907 2787 1065 2849 indirecte
1090 2786 1210 2847 referri

197 2874 321 2935 debent
336 2875 377 2934 ad
394 2874 544 2935 ordinem
558 2872 728 2941 moralem,
746 2872 843 2946 eique
859 2871 1001 2929 obnoxia
1016 2871 1103 2928 sunt.

235 2955 394 3015 Praeterea
410 2957 550 3015 societas
567 2952 667 3012 civilis
684 2957 716 3010 et
737 2951 818 3010 ordo
835 2950 976 3009 exterior
1001 2964 1100 3024 quem
1123 2963 1204 3023 pro-

197 3041 299 3103 curat,
316 3040 405 3094 certo
421 3050 487 3093 non
504 3037 552 3093 est
567 3030 640 3093 finis
654 3032 788 3090 ultimus
805 3029 953 3095 hominis,
970 3028 1030 3088 sed
1041 3028 1210 3087 rationem

195 3114 295 3175 medii
328 3114 499 3175 evidenter
523 3111 738 3188 1311611229),
772 3118 807 3172 ut
828 3110 907 3168 alias
933 3112 1060 3168 constat
1084 3123 1123 3165 ex
1151 3122 1210 3164 su-

194 3196 306 3271 perius
331 3195 426 3257 dictis
443 3212 449 3251 ε
467 3194 546 3253 nihil
559 3207 722 3268 peragere
738 3195 794 3250 aut
809 3189 966 3249 adhibere
981 3191 1090 3264 potest
1104 3185 1209 3244 homo

195 3275 284 3351 quod
299 3289 366 3336 non
380 3273 502 3334 referat
515 3272 624 3349 aliquo
640 3268 737 3330 modo
753 3271 793 3329 ad
814 3285 910 3329 suum
929 3266 1029 3327 finem
1053 3265 1210 3325 ultimum

193 3354 266 3432 (95),
285 3357 396 3432 ltaque
412 3353 492 3413 ordo
508 3353 563 3412 ille
588 3350 731 3411 exterior
752 3354 785 3409 et
807 3349 894 3409 bona
919 3353 1056 3407 externa
1083 3344 1211 3422 quibus

195 3440 333 3501 constat,
350 3439 426 3495 sunt
440 3432 580 3494 obnoxia
597 3430 704 3491 ordini
717 3429 842 3500 morali,
861 3430 916 3504 qui
928 3428 998 3502 ipse
1010 3431 1060 3486 est
1069 3424 1214 3485 interior

194 3518 227 3573 et
255 3515 391 3590 positiva
412 3530 450 3575 ac
472 3511 662 3573 immediata
677 3510 837 3571 ordinatio
864 3506 1025 3567 adfinem
1053 3505 1214 3564 ultimum

191 3592 266 3671 (98).
299 3696 301 3701 Ι
