<?xml version="1.0" encoding="UTF-8"?>
<!DOCTYPE html PUBLIC "-//W3C//DTD XHTML 1.0 Transitional//EN"
    "http://www.w3.org/TR/xhtml1/DTD/xhtml1-transitional.dtd">
<html xmlns="http://www.w3.org/1999/xhtml" xml:lang="en" lang="en">
 <head>
  <title>
</title>
<meta http-equiv="Content-Type" content="text/html;charset=utf-8" />
  <meta name='ocr-system' content='tesseract 3.04.00' />
  <meta name='ocr-capabilities' content='ocr_page ocr_carea ocr_par ocr_line ocrx_word'/>
</head>
<body>
  <div class='ocr_page' id='page_1' title='image "./brevariumphilos00grangoog_0270.png"; bbox 0 0 2642 4250; ppageno 0'>
   <div class='ocr_carea' id='block_1_1' title="bbox 225 264 919 331">
    <p class='ocr_par' dir='ltr' id='par_1_1' title="bbox 225 264 919 331">
     <span class='ocr_line' id='line_1_1' title="bbox 225 264 919 331; baseline -0.001 -1"><span class='ocrx_word' id='word_1_1' title='bbox 225 267 295 330; x_wconf 39' lang='lat'><em>*258</em></span> <span class='ocrx_word' id='word_1_2' title='bbox 419 264 421 273; x_wconf 80' lang='grc'>’</span> <span class='ocrx_word' id='word_1_3' title='bbox 514 283 692 331; x_wconf 79' lang='lat' dir='ltr'><em>eurviunnu</em></span> <span class='ocrx_word' id='word_1_4' title='bbox 712 279 919 329; x_wconf 78' lang='lat' dir='ltr'><em>nniiosornne</em></span> 
     </span>
    </p>
   </div>
   <div class='ocr_carea' id='block_1_2' title="bbox 228 395 1254 953">
    <p class='ocr_par' dir='ltr' id='par_1_2' title="bbox 228 395 1254 953">
     <span class='ocr_line' id='line_1_2' title="bbox 267 395 1158 469; baseline -0.001 -13"><span class='ocrx_word' id='word_1_5' title='bbox 267 403 377 456; x_wconf 82' lang='lat' dir='ltr'><em>Tussis</em></span> <span class='ocrx_word' id='word_1_6' title='bbox 391 401 423 454; x_wconf 94' lang='lat' dir='ltr'><em>Il.</em></span> <span class='ocrx_word' id='word_1_7' title='bbox 439 398 575 454; x_wconf 85' lang='lat' dir='ltr'><em>Factum</em></span> <span class='ocrx_word' id='word_1_8' title='bbox 590 395 827 468; x_wconf 77' lang='lat' dir='ltr'><em>primigenium</em></span> <span class='ocrx_word' id='word_1_9' title='bbox 843 398 928 468; x_wconf 81' lang='lat' dir='ltr'><em>quod</em></span> <span class='ocrx_word' id='word_1_10' title='bbox 938 398 994 469; x_wconf 85' lang='lat' dir='ltr'><em>jus</em></span> <span class='ocrx_word' id='word_1_11' title='bbox 1010 397 1158 469; x_wconf 83' lang='lat' dir='ltr'><em>proprie-</em></span> 
     </span>
     <span class='ocr_line' id='line_1_3' title="bbox 234 469 1156 540; baseline -0.003 -12"><span class='ocrx_word' id='word_1_12' title='bbox 234 473 307 529; x_wconf 88' lang='lat' dir='ltr'><em>tatis</em></span> <span class='ocrx_word' id='word_1_13' title='bbox 322 471 526 540; x_wconf 75' lang='lat' dir='ltr'><strong><em>determinat,</em></strong></span> <span class='ocrx_word' id='word_1_14' title='bbox 542 474 587 524; x_wconf 90' lang='lat' dir='ltr'><em>est</em></span> <span class='ocrx_word' id='word_1_15' title='bbox 603 469 751 524; x_wconf 84' lang='lat' dir='ltr'><em>humanae</em></span> <span class='ocrx_word' id='word_1_16' title='bbox 766 469 938 526; x_wconf 78' lang='lat' dir='ltr'><em>activitatis</em></span> <span class='ocrx_word' id='word_1_17' title='bbox 956 471 1156 525; x_wconf 82' lang='lat' dir='ltr'><em>exercitium.</em></span> 
     </span>
     <span class='ocr_line' id='line_1_4' title="bbox 231 540 1159 612; baseline -0.002 -14"><span class='ocrx_word' id='word_1_18' title='bbox 231 572 267 585; x_wconf 94' lang='lat'>-</span> <span class='ocrx_word' id='word_1_19' title='bbox 281 546 348 598; x_wconf 87' lang='lat' dir='ltr'><em>Haec</em></span> <span class='ocrx_word' id='word_1_20' title='bbox 361 542 501 597; x_wconf 85' lang='lat' dir='ltr'><em>activitas</em></span> <span class='ocrx_word' id='word_1_21' title='bbox 522 541 636 596; x_wconf 79' lang='lat' dir='ltr'><em>inducit</em></span> <span class='ocrx_word' id='word_1_22' title='bbox 657 540 786 609; x_wconf 82' lang='lat' dir='ltr'><em>aliquam</em></span> <span class='ocrx_word' id='word_1_23' title='bbox 803 542 1016 609; x_wconf 75' lang='lat' dir='ltr'><em>perfectionem</em></span> <span class='ocrx_word' id='word_1_24' title='bbox 1034 553 1159 612; x_wconf 86' lang='lat' dir='ltr'><em>quares</em></span> 
     </span>
     <span class='ocr_line' id='line_1_5' title="bbox 228 610 1254 686; baseline -0.003 -17"><span class='ocrx_word' id='word_1_25' title='bbox 228 615 362 686; x_wconf 84' lang='lat' dir='ltr'><em>perlecta</em></span> <span class='ocrx_word' id='word_1_26' title='bbox 371 613 485 668; x_wconf 85' lang='lat' dir='ltr'><em>inducit</em></span> <span class='ocrx_word' id='word_1_27' title='bbox 496 611 652 682; x_wconf 80' lang='lat' dir='ltr'><em>specialem</em></span> <span class='ocrx_word' id='word_1_28' title='bbox 661 610 835 666; x_wconf 78' lang='lat' dir='ltr'><em>relationem</em></span> <span class='ocrx_word' id='word_1_29' title='bbox 849 611 886 666; x_wconf 89' lang='lat' dir='ltr'><em>ad</em></span> <span class='ocrx_word' id='word_1_30' title='bbox 901 613 996 667; x_wconf 90' lang='lat' dir='ltr'><em>solnm</em></span> <span class='ocrx_word' id='word_1_31' title='bbox 1009 614 1156 682; x_wconf 85' lang='lat' dir='ltr'><em>agentem.</em></span> <span class='ocrx_word' id='word_1_32' title='bbox 1198 611 1254 668; x_wconf 91' lang='grc'>101·</span> 
     </span>
     <span class='ocr_line' id='line_1_6' title="bbox 266 681 1156 754; baseline -0.004 -13"><span class='ocrx_word' id='word_1_33' title='bbox 266 689 378 742; x_wconf 71' lang='lat' dir='ltr'><em>Tussis</em></span> <span class='ocrx_word' id='word_1_34' title='bbox 392 685 435 739; x_wconf 90' lang='lat' dir='ltr'><em>lll.</em></span> <span class='ocrx_word' id='word_1_35' title='bbox 451 683 644 738; x_wconf 86' lang='lat' dir='ltr'><em>Dominium</em></span> <span class='ocrx_word' id='word_1_36' title='bbox 660 681 840 736; x_wconf 77' lang='lat' dir='ltr'><em>haereditate</em></span> <span class='ocrx_word' id='word_1_37' title='bbox 857 685 1032 739; x_wconf 81' lang='lat' dir='ltr'><em>transmitti</em></span> <span class='ocrx_word' id='word_1_38' title='bbox 1044 685 1156 754; x_wconf 85' lang='lat' dir='ltr'><em>potest.</em></span> 
     </span>
     <span class='ocr_line' id='line_1_7' title="bbox 228 752 1158 825; baseline 0 -15"><span class='ocrx_word' id='word_1_39' title='bbox 228 785 265 795; x_wconf 94' lang='lat'>—</span> <span class='ocrx_word' id='word_1_40' title='bbox 278 756 440 825; x_wconf 84' lang='lat' dir='ltr'><em>Legitimos</em></span> <span class='ocrx_word' id='word_1_41' title='bbox 454 762 610 825; x_wconf 81' lang='lat' dir='ltr'><em>possessor</em></span> <span class='ocrx_word' id='word_1_42' title='bbox 624 752 797 807; x_wconf 81' lang='lat' dir='ltr'><em>facultatem</em></span> <span class='ocrx_word' id='word_1_43' title='bbox 811 753 899 808; x_wconf 89' lang='lat' dir='ltr'><em>habet</em></span> <span class='ocrx_word' id='word_1_44' title='bbox 911 753 1043 825; x_wconf 82' lang='lat' dir='ltr'><em>perfecte</em></span> <span class='ocrx_word' id='word_1_45' title='bbox 1056 755 1158 824; x_wconf 90' lang='lat' dir='ltr'><em>dispo-</em></span> 
     </span>
     <span class='ocr_line' id='line_1_8' title="bbox 228 822 1158 895; baseline 0 -13"><span class='ocrx_word' id='word_1_46' title='bbox 228 827 328 895; x_wconf 88' lang='lat' dir='ltr'><em>nendi,</em></span> <span class='ocrx_word' id='word_1_47' title='bbox 337 829 368 882; x_wconf 89' lang='lat' dir='ltr'><em>et</em></span> <span class='ocrx_word' id='word_1_48' title='bbox 383 826 549 895; x_wconf 82' lang='lat' dir='ltr'><em>generatim</em></span> <span class='ocrx_word' id='word_1_49' title='bbox 563 827 705 880; x_wconf 87' lang='lat' dir='ltr'><em>censetur</em></span> <span class='ocrx_word' id='word_1_50' title='bbox 715 823 791 878; x_wconf 89' lang='lat' dir='ltr'><em>velle</em></span> <span class='ocrx_word' id='word_1_51' title='bbox 806 822 964 895; x_wconf 83' lang='lat' dir='ltr'><em>disponere</em></span> <span class='ocrx_word' id='word_1_52' title='bbox 977 825 1009 880; x_wconf 89' lang='lat' dir='ltr'><em>in</em></span> <span class='ocrx_word' id='word_1_53' title='bbox 1022 825 1158 882; x_wconf 80' lang='lat' dir='ltr'><em>favorem</em></span> 
     </span>
     <span class='ocr_line' id='line_1_9' title="bbox 230 893 1254 953; baseline -0.002 0"><span class='ocrx_word' id='word_1_54' title='bbox 230 911 353 953; x_wconf 88' lang='lat' dir='ltr'><em>suorum</em></span> <span class='ocrx_word' id='word_1_55' title='bbox 367 897 506 953; x_wconf 87' lang='lat' dir='ltr'><em>liliorum.</em></span> <span class='ocrx_word' id='word_1_56' title='bbox 1197 893 1254 953; x_wconf 78' lang='lat'><em>102</em></span> 
     </span>
    </p>
   </div>
   <div class='ocr_carea' id='block_1_3' title="bbox 316 991 1152 1179">
    <p class='ocr_par' dir='ltr' id='par_1_3' title="bbox 316 991 1152 1179">
     <span class='ocr_line' id='line_1_10' title="bbox 548 991 857 1075; baseline 0.003 -28"><span class='ocrx_word' id='word_1_57' title='bbox 548 1069 551 1075; x_wconf 24' lang='grc' dir='ltr'>Ι</span> <span class='ocrx_word' id='word_1_58' title='bbox 619 991 857 1048; x_wconf 84' lang='lat' dir='ltr'><em>ARTICULUSll.</em></span> 
     </span>
     <span class='ocr_line' id='line_1_11' title="bbox 316 1109 1152 1179; baseline 0.005 -15"><span class='ocrx_word' id='word_1_59' title='bbox 316 1111 363 1165; x_wconf 49' lang='lat' dir='ltr'><em>¹lle</em></span> <span class='ocrx_word' id='word_1_60' title='bbox 377 1110 477 1179; x_wconf 70' lang='lat' dir='ltr'><em>officiis</em></span> <span class='ocrx_word' id='word_1_61' title='bbox 492 1124 524 1164; x_wconf 83' lang='lat' dir='ltr'><em>ec</em></span> <span class='ocrx_word' id='word_1_62' title='bbox 534 1111 615 1178; x_wconf 74' lang='lat' dir='ltr'><em>pacto</em></span> <span class='ocrx_word' id='word_1_63' title='bbox 630 1109 833 1175; x_wconf 75' lang='lat' dir='ltr'><em>consentitur,</em></span> <span class='ocrx_word' id='word_1_64' title='bbox 849 1126 896 1164; x_wconf 84' lang='lat' dir='ltr'><em>seu</em></span> <span class='ocrx_word' id='word_1_65' title='bbox 911 1111 943 1164; x_wconf 82' lang='lat' dir='ltr'><em>de</em></span> <span class='ocrx_word' id='word_1_66' title='bbox 957 1109 1152 1168; x_wconf 83' lang='lat' dir='ltr'><em>contractibus.</em></span> 
     </span>
    </p>
   </div>
   <div class='ocr_carea' id='block_1_4' title="bbox 454 1213 1014 1274">
    <p class='ocr_par' dir='ltr' id='par_1_4' title="bbox 454 1213 1014 1274">
     <span class='ocr_line' id='line_1_12' title="bbox 454 1213 1014 1274; baseline -0.002 -1"><span class='ocrx_word' id='word_1_67' title='bbox 454 1224 474 1273; x_wconf 89' lang='grc' dir='ltr'><em>Ι.</em></span> <span class='ocrx_word' id='word_1_68' title='bbox 493 1223 530 1274; x_wconf 91' lang='lat' dir='ltr'><em>De</em></span> <span class='ocrx_word' id='word_1_69' title='bbox 544 1225 677 1272; x_wconf 82' lang='lat' dir='ltr'><em>naturaei</em></span> <span class='ocrx_word' id='word_1_70' title='bbox 691 1213 813 1274; x_wconf 81' lang='lat' dir='ltr'><em>varietate</em></span> <span class='ocrx_word' id='word_1_71' title='bbox 828 1227 1014 1274; x_wconf 83' lang='lat' dir='ltr'><em>contractuum.</em></span> 
     </span>
    </p>
   </div>
   <div class='ocr_carea' id='block_1_5' title="bbox 226 1332 1157 1900">
    <p class='ocr_par' dir='ltr' id='par_1_5' title="bbox 226 1332 1157 1618">
     <span class='ocr_line' id='line_1_13' title="bbox 263 1332 1156 1406; baseline 0.003 -16"><span class='ocrx_word' id='word_1_72' title='bbox 263 1335 451 1401; x_wconf 68' lang='lat' dir='ltr'><em>Contractus</em></span> <span class='ocrx_word' id='word_1_73' title='bbox 465 1332 517 1403; x_wconf 90' lang='lat' dir='ltr'><em>qui</em></span> <span class='ocrx_word' id='word_1_74' title='bbox 531 1335 577 1388; x_wconf 88' lang='lat' dir='ltr'><em>est</em></span> <span class='ocrx_word' id='word_1_75' title='bbox 592 1345 756 1388; x_wconf 90' lang='lat' dir='ltr'><em>consensus</em></span> <span class='ocrx_word' id='word_1_76' title='bbox 771 1332 898 1388; x_wconf 87' lang='lat' dir='ltr'><em>duorum</em></span> <span class='ocrx_word' id='word_1_77' title='bbox 910 1334 960 1389; x_wconf 87' lang='lat' dir='ltr'><em>vel</em></span> <span class='ocrx_word' id='word_1_78' title='bbox 972 1335 1104 1406; x_wconf 88' lang='lat' dir='ltr'><em>plurium</em></span> <span class='ocrx_word' id='word_1_79' title='bbox 1124 1337 1156 1393; x_wconf 91' lang='lat' dir='ltr'><em>in</em></span> 
     </span>
     <span class='ocr_line' id='line_1_14' title="bbox 226 1403 1155 1476; baseline 0.001 -14"><span class='ocrx_word' id='word_1_80' title='bbox 226 1405 306 1462; x_wconf 91' lang='lat' dir='ltr'><em>idem</em></span> <span class='ocrx_word' id='word_1_81' title='bbox 319 1405 463 1476; x_wconf 84' lang='lat' dir='ltr'><em>placitum</em></span> <span class='ocrx_word' id='word_1_82' title='bbox 477 1403 623 1459; x_wconf 85' lang='lat' dir='ltr'><em>dividitur</em></span> <span class='ocrx_word' id='word_1_83' title='bbox 643 1405 672 1458; x_wconf 84' lang='lat'><em>1⁰</em></span> <span class='ocrx_word' id='word_1_84' title='bbox 693 1404 722 1457; x_wconf 93' lang='lat' dir='ltr'><em>in</em></span> <span class='ocrx_word' id='word_1_85' title='bbox 742 1418 847 1458; x_wconf 90' lang='lat' dir='ltr'><em>verum</em></span> <span class='ocrx_word' id='word_1_86' title='bbox 866 1408 896 1458; x_wconf 90' lang='lat' dir='ltr'><em>et</em></span> <span class='ocrx_word' id='word_1_87' title='bbox 915 1408 1000 1476; x_wconf 89' lang='lat' dir='ltr'><em>qnasi</em></span> <span class='ocrx_word' id='word_1_88' title='bbox 1018 1410 1155 1464; x_wconf 88' lang='lat' dir='ltr'><em>contrac-</em></span> 
     </span>
     <span class='ocr_line' id='line_1_15' title="bbox 226 1474 1157 1548; baseline 0 -13"><span class='ocrx_word' id='word_1_89' title='bbox 226 1493 305 1547; x_wconf 87' lang='lat' dir='ltr'><em>eum,</em></span> <span class='ocrx_word' id='word_1_90' title='bbox 317 1485 348 1532; x_wconf 75' lang='lat'><em>2⁰</em></span> <span class='ocrx_word' id='word_1_91' title='bbox 367 1478 398 1531; x_wconf 92' lang='lat' dir='ltr'><em>in</em></span> <span class='ocrx_word' id='word_1_92' title='bbox 419 1475 624 1530; x_wconf 86' lang='lat' dir='ltr'><em>unilateralem</em></span> <span class='ocrx_word' id='word_1_93' title='bbox 642 1476 674 1528; x_wconf 88' lang='lat' dir='ltr'><em>et</em></span> <span class='ocrx_word' id='word_1_94' title='bbox 691 1474 885 1548; x_wconf 86' lang='lat' dir='ltr'><em>bilateralem,</em></span> <span class='ocrx_word' id='word_1_95' title='bbox 901 1476 931 1530; x_wconf 90' lang='grc'>30</span> <span class='ocrx_word' id='word_1_96' title='bbox 950 1477 981 1531; x_wconf 92' lang='lat' dir='ltr'><em>in</em></span> <span class='ocrx_word' id='word_1_97' title='bbox 1001 1491 1157 1535; x_wconf 87' lang='lat' dir='ltr'><em>onerosum</em></span> 
     </span>
     <span class='ocr_line' id='line_1_16' title="bbox 232 1549 519 1618; baseline -0.017 -13"><span class='ocrx_word' id='word_1_98' title='bbox 232 1551 259 1605; x_wconf 88' lang='lat' dir='ltr'><em>tt</em></span> <span class='ocrx_word' id='word_1_99' title='bbox 273 1549 447 1618; x_wconf 88' lang='lat' dir='ltr'><em>gratuitum,</em></span> <span class='ocrx_word' id='word_1_100' title='bbox 461 1551 519 1600; x_wconf 86' lang='lat' dir='ltr'><em>etc.</em></span> 
     </span>
    </p>

    <p class='ocr_par' dir='ltr' id='par_1_6' title="bbox 228 1617 1157 1818">
     <span class='ocr_line' id='line_1_17' title="bbox 260 1617 1157 1692; baseline 0.002 -18"><span class='ocrx_word' id='word_1_101' title='bbox 260 1619 305 1674; x_wconf 84' lang='lat' dir='ltr'><em>Ad</em></span> <span class='ocrx_word' id='word_1_102' title='bbox 320 1617 503 1674; x_wconf 86' lang='lat' dir='ltr'><em>validitatem</em></span> <span class='ocrx_word' id='word_1_103' title='bbox 527 1617 699 1670; x_wconf 87' lang='lat' dir='ltr'><em>contractus</em></span> <span class='ocrx_word' id='word_1_104' title='bbox 723 1617 888 1687; x_wconf 83' lang='lat' dir='ltr'><em>requiritur</em></span> <span class='ocrx_word' id='word_1_105' title='bbox 905 1620 934 1673; x_wconf 91' lang='grc'><em>10</em></span> <span class='ocrx_word' id='word_1_106' title='bbox 949 1620 1078 1690; x_wconf 85' lang='lat' dir='ltr'><em>cognitio</em></span> <span class='ocrx_word' id='word_1_107' title='bbox 1102 1621 1157 1692; x_wconf 85' lang='lat' dir='ltr'><em>rei,</em></span> 
     </span>
     <span class='ocr_line' id='line_1_18' title="bbox 228 1689 1156 1761; baseline 0.003 -15"><span class='ocrx_word' id='word_1_108' title='bbox 228 1695 259 1746; x_wconf 85' lang='lat'><em>20</em></span> <span class='ocrx_word' id='word_1_109' title='bbox 275 1691 409 1758; x_wconf 87' lang='lat' dir='ltr'><em>libertas,</em></span> <span class='ocrx_word' id='word_1_110' title='bbox 419 1692 450 1742; x_wconf 85' lang='lat'><em>3⁰</em></span> <span class='ocrx_word' id='word_1_111' title='bbox 464 1689 587 1743; x_wconf 87' lang='lat' dir='ltr'><em>mutuus</em></span> <span class='ocrx_word' id='word_1_112' title='bbox 601 1700 775 1757; x_wconf 74' lang='lat' dir='ltr'><em>consensus,</em></span> <span class='ocrx_word' id='word_1_113' title='bbox 784 1690 812 1743; x_wconf 85' lang='lat'><em>4⁰</em></span> <span class='ocrx_word' id='word_1_114' title='bbox 826 1690 949 1744; x_wconf 88' lang='lat' dir='ltr'><em>materia</em></span> <span class='ocrx_word' id='word_1_115' title='bbox 963 1691 1111 1761; x_wconf 85' lang='lat' dir='ltr'><em>possibilis</em></span> <span class='ocrx_word' id='word_1_116' title='bbox 1124 1697 1156 1750; x_wconf 89' lang='lat' dir='ltr'><em>et</em></span> 
     </span>
     <span class='ocr_line' id='line_1_19' title="bbox 228 1761 319 1818; baseline 0 -1"><span class='ocrx_word' id='word_1_117' title='bbox 228 1761 319 1818; x_wconf 86' lang='lat' dir='ltr'><em>licita.</em></span> 
     </span>
    </p>

    <p class='ocr_par' dir='ltr' id='par_1_7' title="bbox 263 1828 1036 1900">
     <span class='ocr_line' id='line_1_20' title="bbox 263 1828 1036 1900; baseline 0.004 -13"><span class='ocrx_word' id='word_1_118' title='bbox 263 1831 407 1888; x_wconf 81' lang='lat' dir='ltr'><em>Extensio</em></span> <span class='ocrx_word' id='word_1_119' title='bbox 422 1828 610 1900; x_wconf 83' lang='lat' dir='ltr'><em>obligationis</em></span> <span class='ocrx_word' id='word_1_120' title='bbox 624 1844 661 1883; x_wconf 80' lang='lat' dir='ltr'><em>ex</em></span> <span class='ocrx_word' id='word_1_121' title='bbox 676 1831 830 1885; x_wconf 87' lang='lat' dir='ltr'><em>contractu</em></span> <span class='ocrx_word' id='word_1_122' title='bbox 844 1831 1036 1890; x_wconf 58' lang='grc'>6118011111,</span> 
     </span>
    </p>
   </div>
   <div class='ocr_carea' id='block_1_6' title="bbox 230 1939 1162 2071">
    <p class='ocr_par' dir='ltr' id='par_1_8' title="bbox 230 1939 1162 2071">
     <span class='ocr_line' id='line_1_21' title="bbox 230 1939 1162 2009; baseline 0.002 -14"><span class='ocrx_word' id='word_1_123' title='bbox 230 1945 261 1995; x_wconf 92' lang='grc'><em>11.</em></span> <span class='ocrx_word' id='word_1_124' title='bbox 279 1945 318 1996; x_wconf 88' lang='lat' dir='ltr'><em>De</em></span> <span class='ocrx_word' id='word_1_125' title='bbox 341 1943 418 1993; x_wconf 91' lang='lat' dir='ltr'><em>modo</em></span> <span class='ocrx_word' id='word_1_126' title='bbox 441 1957 472 1992; x_wconf 90' lang='lat' dir='ltr'><em>ac</em></span> <span class='ocrx_word' id='word_1_127' title='bbox 491 1939 637 1990; x_wconf 86' lang='lat' dir='ltr'><em>conditione</em></span> <span class='ocrx_word' id='word_1_128' title='bbox 659 1940 803 1992; x_wconf 84' lang='lat' dir='ltr'><em>contractui</em></span> <span class='ocrx_word' id='word_1_129' title='bbox 819 1942 917 2007; x_wconf 81' lang='lat' dir='ltr'><em>adjecta</em></span> <span class='ocrx_word' id='word_1_130' title='bbox 931 1948 1007 2009; x_wconf 84' lang='lat' dir='ltr'><em>atque</em></span> <span class='ocrx_word' id='word_1_131' title='bbox 1021 1945 1051 1995; x_wconf 89' lang='lat' dir='ltr'><em>de</em></span> <span class='ocrx_word' id='word_1_132' title='bbox 1064 1950 1162 1998; x_wconf 78' lang='lat' dir='ltr'><em>extinc-</em></span> 
     </span>
     <span class='ocr_line' id='line_1_22' title="bbox 424 2002 1039 2071; baseline 0.007 -18"><span class='ocrx_word' id='word_1_133' title='bbox 424 2003 495 2054; x_wconf 90' lang='lat' dir='ltr'><em>tione</em></span> <span class='ocrx_word' id='word_1_134' title='bbox 509 2002 672 2067; x_wconf 83' lang='lat' dir='ltr'><em>obligationis</em></span> <span class='ocrx_word' id='word_1_135' title='bbox 686 2019 717 2052; x_wconf 82' lang='lat' dir='ltr'><em>ex</em></span> <span class='ocrx_word' id='word_1_136' title='bbox 730 2010 864 2063; x_wconf 86' lang='lat' dir='ltr'><em>contractu</em></span> <span class='ocrx_word' id='word_1_137' title='bbox 877 2007 1039 2071; x_wconf 85' lang='lat' dir='ltr'><em>emergentis.</em></span> 
     </span>
    </p>
   </div>
   <div class='ocr_carea' id='block_1_7' title="bbox 225 2111 1307 2327">
    <p class='ocr_par' dir='ltr' id='par_1_9' title="bbox 225 2111 1307 2327">
     <span class='ocr_line' id='line_1_23' title="bbox 259 2111 1307 2188; baseline 0.007 -16"><span class='ocrx_word' id='word_1_138' title='bbox 259 2114 363 2172; x_wconf 90' lang='lat' dir='ltr'><em>Modus</em></span> <span class='ocrx_word' id='word_1_139' title='bbox 378 2114 408 2168; x_wconf 89' lang='lat' dir='ltr'><em>et</em></span> <span class='ocrx_word' id='word_1_140' title='bbox 423 2111 554 2168; x_wconf 86' lang='lat' dir='ltr'><em>conditio</em></span> <span class='ocrx_word' id='word_1_141' title='bbox 569 2111 654 2183; x_wconf 84' lang='lat' dir='ltr'><em>adjici</em></span> <span class='ocrx_word' id='word_1_142' title='bbox 667 2114 794 2183; x_wconf 87' lang='lat' dir='ltr'><em>possunt</em></span> <span class='ocrx_word' id='word_1_143' title='bbox 810 2131 816 2167; x_wconf 95' lang='lat'><strong>:</strong></span> <span class='ocrx_word' id='word_1_144' title='bbox 832 2113 962 2170; x_wconf 88' lang='lat' dir='ltr'><em>conditio</em></span> <span class='ocrx_word' id='word_1_145' title='bbox 976 2130 1042 2172; x_wconf 90' lang='lat' dir='ltr'><em>esse</em></span> <span class='ocrx_word' id='word_1_146' title='bbox 1055 2119 1157 2188; x_wconf 86' lang='lat' dir='ltr'><em>potest</em></span> <span class='ocrx_word' id='word_1_147' title='bbox 1306 2164 1307 2179; x_wconf 41' lang='lat' dir='ltr'><em>l</em></span> 
     </span>
     <span class='ocr_line' id='line_1_24' title="bbox 225 2184 1307 2258; baseline 0 -14"><span class='ocrx_word' id='word_1_148' title='bbox 225 2186 399 2258; x_wconf 80' lang='lat' dir='ltr'><em>suspensiva</em></span> <span class='ocrx_word' id='word_1_149' title='bbox 415 2185 464 2239; x_wconf 85' lang='lat' dir='ltr'><em>vel</em></span> <span class='ocrx_word' id='word_1_150' title='bbox 478 2184 667 2253; x_wconf 89' lang='lat' dir='ltr'><em>resolutoria,</em></span> <span class='ocrx_word' id='word_1_151' title='bbox 681 2197 823 2255; x_wconf 84' lang='lat' dir='ltr'><em>expressa</em></span> <span class='ocrx_word' id='word_1_152' title='bbox 837 2186 885 2241; x_wconf 90' lang='lat' dir='ltr'><em>vel</em></span> <span class='ocrx_word' id='word_1_153' title='bbox 899 2188 998 2253; x_wconf 88' lang='lat' dir='ltr'><em>tacita,</em></span> <span class='ocrx_word' id='word_1_154' title='bbox 1014 2190 1072 2244; x_wconf 89' lang='lat' dir='ltr'><em>eto.</em></span> <span class='ocrx_word' id='word_1_155' title='bbox 1189 2192 1241 2247; x_wconf 82' lang='grc'><em>101</em></span> <span class='ocrx_word' id='word_1_156' title='bbox 1306 2190 1307 2244; x_wconf 71' lang='lat' dir='ltr'><em>l</em></span> 
     </span>
     <span class='ocr_line' id='line_1_25' title="bbox 258 2255 1307 2327; baseline 0.004 -13"><span class='ocrx_word' id='word_1_157' title='bbox 258 2255 466 2325; x_wconf 75' lang='lat' dir='ltr'><em>Exstiuguitur</em></span> <span class='ocrx_word' id='word_1_158' title='bbox 480 2255 620 2324; x_wconf 84' lang='lat' dir='ltr'><em>obligatio</em></span> <span class='ocrx_word' id='word_1_159' title='bbox 633 2269 671 2309; x_wconf 83' lang='lat' dir='ltr'><em>ex</em></span> <span class='ocrx_word' id='word_1_160' title='bbox 685 2259 841 2311; x_wconf 86' lang='lat' dir='ltr'><em>contractu</em></span> <span class='ocrx_word' id='word_1_161' title='bbox 855 2270 1020 2327; x_wconf 72' lang='lat' dir='ltr'><em>emergens</em></span> <span class='ocrx_word' id='word_1_162' title='bbox 1031 2261 1059 2315; x_wconf 92' lang='grc'><em>10</em></span> <span class='ocrx_word' id='word_1_163' title='bbox 1074 2260 1152 2317; x_wconf 80' lang='lat' dir='ltr'><em>solu·</em></span> <span class='ocrx_word' id='word_1_164' title='bbox 1306 2266 1307 2281; x_wconf 65' lang='lat'>¹</span> 
     </span>
    </p>
   </div>
   <div class='ocr_carea' id='block_1_8' title="bbox 223 2325 1241 2400">
    <p class='ocr_par' dir='ltr' id='par_1_10' title="bbox 223 2310 1307 2400">
     <span class='ocr_line' id='line_1_26' title="bbox 223 2325 1241 2400; baseline 0.003 -15"><span class='ocrx_word' id='word_1_165' title='bbox 223 2330 316 2399; x_wconf 86' lang='lat' dir='ltr'><em>tione,</em></span> <span class='ocrx_word' id='word_1_166' title='bbox 328 2332 360 2384; x_wconf 85' lang='grc'>20</span> <span class='ocrx_word' id='word_1_167' title='bbox 375 2325 603 2395; x_wconf 88' lang='lat' dir='ltr'><em>condonatione,</em></span> <span class='ocrx_word' id='word_1_168' title='bbox 616 2326 647 2381; x_wconf 89' lang='grc'>30</span> <span class='ocrx_word' id='word_1_169' title='bbox 661 2327 787 2400; x_wconf 87' lang='lat' dir='ltr'><em>interitu</em></span> <span class='ocrx_word' id='word_1_170' title='bbox 801 2327 855 2396; x_wconf 86' lang='lat' dir='ltr'><em>rei,</em></span> <span class='ocrx_word' id='word_1_171' title='bbox 868 2328 897 2382; x_wconf 82' lang='grc'>40</span> <span class='ocrx_word' id='word_1_172' title='bbox 912 2330 1081 2389; x_wconf 85' lang='lat' dir='ltr'><em>novatione.</em></span> <span class='ocrx_word' id='word_1_173' title='bbox 1187 2334 1241 2389; x_wconf 82' lang='grc'><em>105</em></span> 
     </span>
    </p>
   </div>
   <div class='ocr_carea' id='block_1_9' title="bbox 516 2438 946 2505">
    <p class='ocr_par' dir='ltr' id='par_1_11' title="bbox 516 2438 946 2505">
     <span class='ocr_line' id='line_1_27' title="bbox 516 2438 946 2505; baseline 0.009 -17"><span class='ocrx_word' id='word_1_174' title='bbox 516 2440 561 2488; x_wconf 89' lang='lat' dir='ltr'><em>lll.</em></span> <span class='ocrx_word' id='word_1_175' title='bbox 575 2439 614 2489; x_wconf 88' lang='lat' dir='ltr'><em>De</em></span> <span class='ocrx_word' id='word_1_176' title='bbox 628 2438 800 2489; x_wconf 86' lang='lat' dir='ltr'><em>contractibus</em></span> <span class='ocrx_word' id='word_1_177' title='bbox 814 2438 841 2489; x_wconf 92' lang='lat' dir='ltr'><em>in</em></span> <span class='ocrx_word' id='word_1_178' title='bbox 855 2438 946 2505; x_wconf 87' lang='lat' dir='ltr'><em>specie.</em></span> 
     </span>
    </p>
   </div>
   <div class='ocr_carea' id='block_1_10' title="bbox 258 2540 1240 2697">
    <p class='ocr_par' dir='ltr' id='par_1_12' title="bbox 258 2540 1240 2697">
     <span class='ocr_line' id='line_1_28' title="bbox 259 2540 1240 2620; baseline -0.012 -13"><span class='ocrx_word' id='word_1_179' title='bbox 259 2550 355 2608; x_wconf 89' lang='lat' dir='ltr'><em>Variae</em></span> <span class='ocrx_word' id='word_1_180' title='bbox 369 2548 483 2620; x_wconf 90' lang='lat' dir='ltr'><em>species</em></span> <span class='ocrx_word' id='word_1_181' title='bbox 497 2549 678 2605; x_wconf 83' lang='lat' dir='ltr'><em>contractus.</em></span> <span class='ocrx_word' id='word_1_182' title='bbox 729 2540 730 2543; x_wconf 66' lang='grc'>’</span> <span class='ocrx_word' id='word_1_183' title='bbox 1186 2556 1240 2612; x_wconf 73' lang='lat'><em>100</em></span> 
     </span>
     <span class='ocr_line' id='line_1_29' title="bbox 258 2619 1150 2697; baseline 0.004 -20"><span class='ocrx_word' id='word_1_184' title='bbox 258 2624 425 2685; x_wconf 81' lang='lat' dir='ltr'><em>Deusara,</em></span> <span class='ocrx_word' id='word_1_185' title='bbox 442 2634 508 2690; x_wconf 86' lang='lat' dir='ltr'><em>quae</em></span> <span class='ocrx_word' id='word_1_186' title='bbox 525 2622 572 2675; x_wconf 86' lang='lat' dir='ltr'><em>est</em></span> <span class='ocrx_word' id='word_1_187' title='bbox 590 2620 707 2675; x_wconf 90' lang='lat' dir='ltr'><em>luorum</em></span> <span class='ocrx_word' id='word_1_188' title='bbox 725 2635 761 2676; x_wconf 84' lang='lat' dir='ltr'><em>ex</em></span> <span class='ocrx_word' id='word_1_189' title='bbox 778 2622 882 2676; x_wconf 91' lang='lat' dir='ltr'><em>mutuo</em></span> <span class='ocrx_word' id='word_1_190' title='bbox 895 2619 1064 2681; x_wconf 84' lang='lat' dir='ltr'><em>immediate</em></span> <span class='ocrx_word' id='word_1_191' title='bbox 1076 2638 1150 2697; x_wconf 86' lang='lat' dir='ltr'><em>pro-</em></span> 
     </span>
    </p>
   </div>
   <div class='ocr_carea' id='block_1_11' title="bbox 217 2695 1307 3197">
    <p class='ocr_par' dir='ltr' id='par_1_13' title="bbox 217 2695 1307 3197">
     <span class='ocr_line' id='line_1_30' title="bbox 221 2695 1238 2755; baseline -0.027 -2"><span class='ocrx_word' id='word_1_192' title='bbox 221 2695 355 2753; x_wconf 71' lang='lat' dir='ltr'><em>veniens.</em></span> <span class='ocrx_word' id='word_1_193' title='bbox 1184 2698 1238 2755; x_wconf 64' lang='lat'><em>100</em></span> 
     </span>
     <span class='ocr_line' id='line_1_31' title="bbox 256 2759 1147 2838; baseline 0.001 -16"><span class='ocrx_word' id='word_1_194' title='bbox 256 2769 377 2822; x_wconf 84' lang='lat' dir='ltr'><em>Tnnsis.</em></span> <span class='ocrx_word' id='word_1_195' title='bbox 393 2761 502 2817; x_wconf 78' lang='lat' dir='ltr'><em>lisura&gt;</em></span> <span class='ocrx_word' id='word_1_196' title='bbox 519 2759 697 2817; x_wconf 74' lang='lat' dir='ltr'><em>literatorie</em></span> <span class='ocrx_word' id='word_1_197' title='bbox 711 2766 788 2817; x_wconf 84' lang='lat' dir='ltr'><em>sant</em></span> <span class='ocrx_word' id='word_1_198' title='bbox 797 2764 871 2834; x_wconf 83' lang='lat' dir='ltr'><em>jure</em></span> <span class='ocrx_word' id='word_1_199' title='bbox 886 2764 1028 2821; x_wconf 85' lang='lat' dir='ltr'><em>naturali</em></span> <span class='ocrx_word' id='word_1_200' title='bbox 1035 2766 1147 2838; x_wconf 84' lang='lat' dir='ltr'><em>probi·</em></span> 
     </span>
     <span class='ocr_line' id='line_1_32' title="bbox 223 2831 1148 2910; baseline -0.012 -17"><span class='ocrx_word' id='word_1_201' title='bbox 223 2836 303 2894; x_wconf 80' lang='lat' dir='ltr'><em>bitae.</em></span> <span class='ocrx_word' id='word_1_202' title='bbox 321 2863 355 2875; x_wconf 98' lang='lat'>-</span> <span class='ocrx_word' id='word_1_203' title='bbox 369 2836 443 2889; x_wconf 87' lang='lat' dir='ltr'><em>Nam</em></span> <span class='ocrx_word' id='word_1_204' title='bbox 457 2832 590 2888; x_wconf 88' lang='lat' dir='ltr'><em>adimunt</em></span> <span class='ocrx_word' id='word_1_205' title='bbox 605 2834 635 2887; x_wconf 86' lang='lat'><em>1⁰</em></span> <span class='ocrx_word' id='word_1_206' title='bbox 648 2831 786 2889; x_wconf 83' lang='lat' dir='ltr'><em>fortunas</em></span> <span class='ocrx_word' id='word_1_207' title='bbox 800 2835 965 2905; x_wconf 88' lang='lat' dir='ltr'><em>egentibus,</em></span> <span class='ocrx_word' id='word_1_208' title='bbox 977 2840 1008 2893; x_wconf 83' lang='lat'><em>20</em></span> <span class='ocrx_word' id='word_1_209' title='bbox 1023 2838 1148 2910; x_wconf 71' lang='lat' dir='ltr'><em>aequali.</em></span> 
     </span>
     <span class='ocr_line' id='line_1_33' title="bbox 221 2903 1307 2981; baseline -0.005 -16"><span class='ocrx_word' id='word_1_210' title='bbox 221 2907 515 2976; x_wconf 70' lang='lat' dir='ltr'><em>tatemcontraetus,</em></span> <span class='ocrx_word' id='word_1_211' title='bbox 529 2904 561 2957; x_wconf 87' lang='grc'>30</span> <span class='ocrx_word' id='word_1_212' title='bbox 576 2903 641 2959; x_wconf 90' lang='lat' dir='ltr'><em>sine</em></span> <span class='ocrx_word' id='word_1_213' title='bbox 659 2904 747 2960; x_wconf 89' lang='lat' dir='ltr'><em>titulo</em></span> <span class='ocrx_word' id='word_1_214' title='bbox 765 2906 927 2962; x_wconf 82' lang='lat' dir='ltr'><em>foenerator</em></span> <span class='ocrx_word' id='word_1_215' title='bbox 941 2908 1050 2980; x_wconf 86' lang='lat' dir='ltr'><em>aliquid</em></span> <span class='ocrx_word' id='word_1_216' title='bbox 1068 2923 1147 2981; x_wconf 89' lang='lat' dir='ltr'><em>prae-</em></span> <span class='ocrx_word' id='word_1_217' title='bbox 1306 2954 1307 2969; x_wconf 30' lang='lat'>1</span> 
     </span>
     <span class='ocr_line' id='line_1_34' title="bbox 221 2976 1307 3048; baseline -0.028 -12"><span class='ocrx_word' id='word_1_218' title='bbox 221 2984 269 3048; x_wconf 85' lang='lat' dir='ltr'><em>ter</em></span> <span class='ocrx_word' id='word_1_219' title='bbox 283 2981 396 3034; x_wconf 90' lang='lat' dir='ltr'><em>sortem</em></span> <span class='ocrx_word' id='word_1_220' title='bbox 408 2976 551 3043; x_wconf 81' lang='lat' dir='ltr'><em>exigeret.</em></span> <span class='ocrx_word' id='word_1_221' title='bbox 1181 2984 1235 3040; x_wconf 65' lang='lat'><em>107</em></span> <span class='ocrx_word' id='word_1_222' title='bbox 1306 3026 1307 3035; x_wconf 9' lang='grc' dir='ltr'>ἵ</span> 
     </span>
     <span class='ocr_line' id='line_1_35' title="bbox 254 3044 1307 3115; baseline -0.002 -8"><span class='ocrx_word' id='word_1_223' title='bbox 254 3050 393 3107; x_wconf 81' lang='lat' dir='ltr'><em>Scholia.</em></span> <span class='ocrx_word' id='word_1_224' title='bbox 408 3050 518 3103; x_wconf 86' lang='lat' dir='ltr'><em>Tamen</em></span> <span class='ocrx_word' id='word_1_225' title='bbox 532 3046 603 3099; x_wconf 91' lang='lat' dir='ltr'><em>sunt</em></span> <span class='ocrx_word' id='word_1_226' title='bbox 620 3044 721 3115; x_wconf 90' lang='lat' dir='ltr'><em>plures</em></span> <span class='ocrx_word' id='word_1_227' title='bbox 735 3046 816 3103; x_wconf 87' lang='lat' dir='ltr'><em>tituli</em></span> <span class='ocrx_word' id='word_1_228' title='bbox 830 3048 987 3105; x_wconf 84' lang='lat' dir='ltr'><em>extrinseci</em></span> <span class='ocrx_word' id='word_1_229' title='bbox 1000 3066 1007 3106; x_wconf 77' lang='grc' dir='ltr'><strong><em>ε</em></strong></span> <span class='ocrx_word' id='word_1_230' title='bbox 1018 3053 1047 3107; x_wconf 91' lang='grc'>10</span> <span class='ocrx_word' id='word_1_231' title='bbox 1061 3055 1146 3109; x_wconf 91' lang='lat' dir='ltr'><em>Dam·</em></span> <span class='ocrx_word' id='word_1_232' title='bbox 1306 3049 1307 3073; x_wconf 66' lang='lat'>¹</span> 
     </span>
     <span class='ocr_line' id='line_1_36' title="bbox 217 3116 1147 3197; baseline 0 -18"><span class='ocrx_word' id='word_1_233' title='bbox 217 3135 288 3180; x_wconf 87' lang='lat' dir='ltr'><em>num</em></span> <span class='ocrx_word' id='word_1_234' title='bbox 305 3132 474 3189; x_wconf 87' lang='lat' dir='ltr'><em>emergens,</em></span> <span class='ocrx_word' id='word_1_235' title='bbox 488 3120 519 3171; x_wconf 82' lang='grc'>20</span> <span class='ocrx_word' id='word_1_236' title='bbox 533 3116 651 3170; x_wconf 89' lang='lat' dir='ltr'><em>luorum</em></span> <span class='ocrx_word' id='word_1_237' title='bbox 672 3130 801 3187; x_wconf 87' lang='lat' dir='ltr'><em>cessans,</em></span> <span class='ocrx_word' id='word_1_238' title='bbox 815 3120 845 3175; x_wconf 90' lang='grc'>30</span> <span class='ocrx_word' id='word_1_239' title='bbox 859 3122 1025 3191; x_wconf 87' lang='lat' dir='ltr'><em>pericnlum</em></span> <span class='ocrx_word' id='word_1_240' title='bbox 1044 3124 1147 3197; x_wconf 88' lang='lat' dir='ltr'><em>sortis,</em></span> 
     </span>
    </p>
   </div>
   <div class='ocr_carea' id='block_1_12' title="bbox 15 3181 1233 3271">
    <p class='ocr_par' dir='ltr' id='par_1_14' title="bbox 15 3153 1307 3280">
     <span class='ocr_line' id='line_1_37' title="bbox 15 3181 1233 3271; baseline 0.015 -39"><span class='ocrx_word' id='word_1_241' title='bbox 15 3200 33 3230; x_wconf 63' lang='grc' dir='ltr'><strong>ι</strong></span> <span class='ocrx_word' id='word_1_242' title='bbox 141 3181 169 3271; x_wconf 13' lang='grc' dir='ltr'><em>ν’</em></span> <span class='ocrx_word' id='word_1_243' title='bbox 218 3197 247 3251; x_wconf 80' lang='grc'><em>10</em></span> <span class='ocrx_word' id='word_1_244' title='bbox 261 3193 367 3249; x_wconf 87' lang='lat' dir='ltr'><em>titulus</em></span> <span class='ocrx_word' id='word_1_245' title='bbox 381 3188 487 3258; x_wconf 85' lang='lat' dir='ltr'><em>civilis,</em></span> <span class='ocrx_word' id='word_1_246' title='bbox 500 3189 531 3243; x_wconf 87' lang='lat'><em>5⁰</em></span> <span class='ocrx_word' id='word_1_247' title='bbox 546 3186 676 3242; x_wconf 88' lang='lat' dir='ltr'><em>conditio</em></span> <span class='ocrx_word' id='word_1_248' title='bbox 690 3190 827 3259; x_wconf 85' lang='lat' dir='ltr'><em>poenalis.</em></span> <span class='ocrx_word' id='word_1_249' title='bbox 1181 3196 1233 3252; x_wconf 83' lang='grc'><em>108</em></span> 
     </span>
    </p>
   </div>
   <div class='ocr_carea' id='block_1_13' title="bbox 599 3326 849 3403">
    <p class='ocr_par' dir='ltr' id='par_1_15' title="bbox 599 3326 849 3403">
     <span class='ocr_line' id='line_1_38' title="bbox 599 3326 849 3403; baseline 0.016 -4"><span class='ocrx_word' id='word_1_250' title='bbox 599 3326 775 3401; x_wconf 83' lang='lat' dir='ltr'>SEOTIO</span> <span class='ocrx_word' id='word_1_251' title='bbox 800 3331 849 3403; x_wconf 86' lang='grc' dir='ltr'><em>ΙΙ.</em></span> 
     </span>
    </p>
   </div>
   <div class='ocr_carea' id='block_1_14' title="bbox 603 3474 837 3522">
    <p class='ocr_par' dir='ltr' id='par_1_16' title="bbox 603 3474 837 3522">
     <span class='ocr_line' id='line_1_39' title="bbox 603 3474 837 3522; baseline 0.017 -4"><span class='ocrx_word' id='word_1_252' title='bbox 603 3474 657 3518; x_wconf 81' lang='lat' dir='ltr'><em>JUS</em></span> <span class='ocrx_word' id='word_1_253' title='bbox 671 3475 837 3522; x_wconf 69' lang='lat' dir='ltr'><em>Panniculi.</em></span> 
     </span>
    </p>
   </div>
   <div class='ocr_carea' id='block_1_15' title="bbox 15 3575 1307 3730">
    <p class='ocr_par' dir='ltr' id='par_1_17' title="bbox 15 3575 1307 3730">
     <span class='ocr_line' id='line_1_40' title="bbox 15 3575 1307 3719; baseline 0 -76"><span class='ocrx_word' id='word_1_254' title='bbox 15 3630 80 3662; x_wconf 51' lang='lat'><em>4</em></span> <span class='ocrx_word' id='word_1_255' title='bbox 214 3584 347 3719; x_wconf 66' lang='lat' dir='ltr'><em>tVariae</em></span> <span class='ocrx_word' id='word_1_256' title='bbox 356 3579 435 3653; x_wconf 84' lang='lat' dir='ltr'><em>juris</em></span> <span class='ocrx_word' id='word_1_257' title='bbox 449 3575 635 3651; x_wconf 81' lang='lat' dir='ltr'><em>etymologiae</em></span> <span class='ocrx_word' id='word_1_258' title='bbox 647 3579 679 3635; x_wconf 91' lang='lat' dir='ltr'><em>et</em></span> <span class='ocrx_word' id='word_1_259' title='bbox 692 3577 929 3650; x_wconf 85' lang='lat' dir='ltr'><em>significationes.</em></span> <span class='ocrx_word' id='word_1_260' title='bbox 945 3580 1056 3641; x_wconf 80' lang='lat' dir='ltr'><em>Divisio</em></span> <span class='ocrx_word' id='word_1_261' title='bbox 1074 3596 1140 3643; x_wconf 83' lang='lat' dir='ltr'><em>sec·</em></span> <span class='ocrx_word' id='word_1_262' title='bbox 1177 3657 1228 3717; x_wconf 59' lang='lat'><em>109</em></span> <span class='ocrx_word' id='word_1_263' title='bbox 1306 3610 1307 3617; x_wconf 45' lang='lat'>¹</span> 
     </span>
     <span class='ocr_line' id='line_1_41' title="bbox 15 3658 1307 3730; baseline -0.005 -7"><span class='ocrx_word' id='word_1_264' title='bbox 15 3666 91 3730; x_wconf 62' lang='lat' dir='ltr'><em>a‘:.··:l.1‡&#39;⁵&#39;</em></span> <span class='ocrx_word' id='word_1_265' title='bbox 229 3658 315 3719; x_wconf 79' lang='lat' dir='ltr'><em>ioniS·</em></span> <span class='ocrx_word' id='word_1_266' title='bbox 1306 3686 1307 3691; x_wconf 49' lang='lat'>¹</span> 
     </span>
    </p>
   </div>
   <div class='ocr_carea' id='block_1_16' title="bbox 0 0 1326 4250">
    <p class='ocr_par' dir='ltr' id='par_1_18' title="bbox 0 0 1326 4250">
     <span class='ocr_line' id='line_1_42' title="bbox 0 0 1326 4250; baseline 0 1"><span class='ocrx_word' id='word_1_267' title='bbox 0 0 1326 4250; x_wconf 95' lang='lat' dir='ltr'><em> </em></span> 
     </span>
    </p>
   </div>
  </div>
 </body>
</html>
