2642 4250
413 311 549 356 msronm
566 309 782 354 nmuosormm.
1052 293 1117 355 217

90 456 300 517 Democritus
310 457 484 520 Abderites
497 456 570 533 (49¹)
583 462 660 517 ante
675 455 808 527 Christ.)
823 455 956 516 tandem
969 457 1113 532 philosa-

91 537 209 612 phiam
223 540 438 600 atomisticam
451 538 551 599 coluit
578 538 633 616 (1),
661 541 913 613 scepticismum
934 537 1048 597 docuit
1070 535 1119 616 (2)

95 620 136 676 et
156 622 325 693 praeterea,
341 619 451 696 quoad
464 624 590 696 partem
608 619 779 688 moralem,
796 619 908 679 docuit
921 615 1114 678 felicitatem

91 695 239 758 hominis
253 701 429 760 consistere
440 701 476 760 in
488 698 637 777 perfecta
649 699 749 762 animi
763 700 876 776 quiete
889 698 981 759 nullo
990 698 1114 761 affectu

95 779 290 854 perturbata
304 779 358 857 (3).

140 856 616 934 4⁰Scholosophr'stico.-llaec
625 862 714 920 varia
722 862 906 921 scholarum
916 858 1114 934 praeceden-

97 937 184 996 tium
196 943 374 1017 systemata
387 941 475 1001 inter
487 958 524 1001 se
545 943 708 1017 opposita.
725 959 867 1009 quorum
881 940 942 998 alia
966 940 1116 1015 philoso-

97 1017 211 1090 phiam
225 1019 397 1082 tradebant
411 1021 571 1082 declivem
584 1023 620 1080 in
632 1024 859 1099 empirismmn
879 1021 1036 1080 ionicum.
1048 1021 1112 1080 alia

98 1095 133 1155 in
146 1097 403 1162 rationahSmum
417 1103 592 1180 mysticum
604 1101 814 1182 Prthagone,
834 1103 897 1162 alia
920 1099 998 1160 land
1010 1117 1056 1160 rm
1077 1103 1113 1162 in

97 1175 352 1243 rationahsmum
363 1183 470 1260 magis
492 1167 659 1243 exculmin
675 1188 715 1248 et
732 1181 935 1259 profundum
954 1180 1114 1240 Eleaticu-
1194 1219 1200 1228 ·

97 1273 184 1328 rum,
201 1259 348 1332 dubium,
361 1263 629 1323 incertitudinem
642 1269 833 1340 genuerunt
850 1260 953 1323 :inde
968 1262 1000 1320 iu
1017 1261 1115 1319 innu-

98 1353 209 1398 meras
232 1348 267 1401 et
287 1343 403 1403 inanes
421 1343 663 1419 disputationes
687 1343 821 1404 deflexit
836 1342 1054 1419 philosophia.
1078 1343 1113 1401 ln

99 1418 307 1493 sophisticam
322 1439 402 1501 ergo
418 1424 645 1502 degenerarit,
660 1441 730 1500 que
753 1427 875 1486 veleris
900 1421 965 1496 phil
981 1439 1007 1478 :s
1018 1421 1116 1494 ›phiae

99 1499 259 1578 principia
286 1503 362 1579 plns
387 1507 539 1566 minusve
568 1504 736 1569 diruebat:
769 1504 831 1565 sed
861 1501 923 1562 fuit
942 1503 1048 1576 impar
1067 1499 1112 1562 ad

100 1593 343 1660 quamcumque
362 1585 530 1645 scientiam
564 1583 813 1655 exstruendam,
846 1581 962 1644 seuafl
994 1597 1116 1640 hevam

101 1659 307 1736 disciplinam
340 1665 506 1725 veteribus
532 1666 770 1741 systematihus
797 1662 1038 1725 sufficierilmn.
1066 1663 1117 1722 lix·

100 1755 237 1802 numero
252 1743 471 1817 sophistarum
493 1746 702 1806 celeberrimi
714 1745 850 1806 fuerumt
864 1748 1063 1804 Promo-m
1077 1746 1115 1802 et

102 1822 251 1895 Gorpr'os.
267 1822 416 1902 Gorgias.
435 1827 572 1889 Leontii,
586 1827 699 1886 Sicilie,
714 1827 814 1890 urhis,
835 1828 933 1884 natu-1
948 1825 1020 1888 illo
1034 1827 1118 1883 ante

101 1899 246 1977 Christ),¹
253 1903 386 1964 Athenis
401 1905 603 1966 dialecticam
626 1905 770 1976 tradidit,
793 1903 883 1967 etde
898 1921 934 1962 re
950 1919 1116 1979 qnscum·

102 1997 168 2057 que
201 1983 384 2061 pugnantia
416 2002 479 2046 seu
514 1985 767 2048 contradictoria
801 1987 953 2045 oblim-re
988 1983 1114 2051 elaria-

99 2060 264 2141 halurlt).
278 2063 400 2126 Eodem
425 2071 575 2131 tempore
598 2067 808 2145 Protagoras,
833 2064 1020 2127 Abderites,
1043 2062 1116 2124 elo·

100 2144 240 2219 quentiae
267 2144 356 2207 fama
386 2147 520 2207 Athenis
553 2147 660 2207 illusit
694 2168 701 2207 :
736 2146 850 2207 docuit
884 2145 1113 2222 cognitionem

98 2223 273 2284 humanam
296 2242 372 2287 esse
401 2243 591 2287 mensuram
623 2228 771 2288 omnium
804 2241 929 2286 rerum.
967 2224 1009 2291 tat
1039 2225 1116 2285 llere

99 2303 222 2371 schola,
247 2306 325 2367 llcet
346 2310 463 2383 sapius
487 2308 520 2366 in
543 2324 646 2367 ranas
672 2308 827 2384 prolapsa
856 2305 1111 2371 disputationes,
1132 2367 1136 2376 ,

100 2383 223 2461 aliquid
246 2390 356 2447 tamen
371 2388 509 2447 contulit
526 2390 673 2447 scientiis
693 2386 937 2463 philosophicis,
963 2382 1113 2455 eoquod

98 2463 240 2541 ineptias
266 2466 412 2527 omnium
443 2466 667 2529 doctrinarum
698 2466 957 2545 praecedentium
987 2463 1117 2525 detexit

99 2559 296 2621 erroresque
315 2547 422 2625 magis
436 2546 604 2621 patefecit.

139 2624 177 2685 ll.
193 2624 359 2695 Socnarus,
388 2628 444 2703 qui
472 2644 492 2687 a
511 2628 616 2689 Tullio
639 2626 851 2703 philosophia·
875 2640 996 2699 parens
1015 2634 1115 2683 voca·

100 2706 164 2771 lur,
190 2705 327 2766 Athenis
348 2706 453 2767 illusit
474 2708 547 2783 (470
567 2712 645 2768 ante
668 2707 810 2784 Christ).
838 2709 880 2765 Ea
911 2705 1020 2765 omnia
1041 2718 1120 2773 quaa

98 2785 267 2859 pertinent
279 2785 323 2846 ad
343 2788 415 2864 ejus
436 2804 557 2866 genus,
577 2788 681 2848 vitam
703 2792 871 2852 etmores,
893 2801 962 2845 ncn
976 2782 1116 2861 quidem

98 2880 233 2941 semper
245 2866 499 2943 philosophicos.
523 2869 675 2930 omnihus
688 2872 767 2927 nota
781 2872 869 2927 sunt.
886 2870 920 2925 et
936 2868 1122 2939 propterea

97 2960 165 3005 non
176 2951 227 3005 est
237 2949 335 3008 curin
349 2947 389 3007 iis
399 2946 584 3010 referendis
593 2949 818 3008 immoremur.
832 2948 885 3006 llic
898 2944 1119 3020 philosophus

98 3024 311 3087 considerans
331 3043 374 3087 ex
392 3044 459 3089 una
480 3034 576 3104 parte
597 3032 804 3104 quantopere
816 3026 1036 3085 increbuisset
1056 3036 1113 3083 so·

97 3103 277 3180 phistarum
290 3105 497 3183 impudentia
512 3115 546 3169 et
559 3108 711 3177 audacia,
726 3106 804 3166 indss
820 3112 851 3163 et
867 3104 1111 3171 secundamus,

98 3187 132 3245 et
145 3200 188 3245 ex
201 3187 303 3247 altera
314 3194 408 3265 parte
421 3187 631 3267 persentiens
640 3188 832 3248 inanitatem
849 3185 1072 3247 doctrinarum
1093 3194 1115 3241 a

125 3330 161 3395 (1)
174 3333 255 3383 Arist.
269 3334 332 3383 ibid.
344 3362 378 3373 -
389 3335 467 3400 Diog.
475 3337 562 3385 Laert.
573 3350 615 3395 11,
623 3336 664 3384 tl.
679 3361 711 3374 -
720 3332 802 3385 Cicer.
818 3334 858 3381 Dc
872 3339 930 3380 not.
943 3332 1025 3379 Deor.
1038 3325 1118 3388 1‚2t.

127 3429 162 3495 (2)
177 3432 249 3481 Sext.
260 3434 329 3481 Ado.
343 3435 470 3483 mortem.
480 3449 539 3490 vm,
552 3432 607 3482 137.

128 3527 163 3593 (³)
175 3527 228 3580 Cic.
242 3531 282 3579 De
292 3533 342 3592 fio.
355 3547 383 3580 v.
397 3532 423 3592 8,
436 3531 477 3581 29.
490 3558 524 3570 -
535 3530 613 3593 Diog.
628 3530 714 3580 Laert.
728 3544 767 3586 rx,
781 3530 820 3578 45.

126 3623 162 3689 (4)
172 3624 241 3675 Pht.
249 3626 319 3677 hiat.
338 3626 430 3691 Gorq„
441 3627 548 3686 Pittaci„
561 3624 662 3685 Meno„
674 3651 707 3663 -
720 3624 793 3673 Sext.
812 3625 881 3671 aar.
901 3620 986 3669 moth.
1001 3635 1047 3677 vn,
1070 3618 1118 3668 65.

126 3723 164 3783 (5)
174 3723 242 3773 Pht.
254 3725 399 3789 Prompor.
412 3749 445 3764 -
456 3722 538 3773 Arist.
551 3722 671 3787 Metoplt.
687 3736 716 3783 x,
730 3721 756 3771 6.
767 3748 800 3761 -·
812 3720 865 3771 tic.
879 3734 900 3770 11
913 3720 1010 3778 cloud,
1023 3714 1065 3765 ta

1271 3772 1302 3827 ,l
