<?xml version="1.0" encoding="UTF-8"?>
<!DOCTYPE html PUBLIC "-//W3C//DTD XHTML 1.0 Transitional//EN"
    "http://www.w3.org/TR/xhtml1/DTD/xhtml1-transitional.dtd">
<html xmlns="http://www.w3.org/1999/xhtml" xml:lang="en" lang="en">
 <head>
  <title>
</title>
<meta http-equiv="Content-Type" content="text/html;charset=utf-8" />
  <meta name='ocr-system' content='tesseract 3.04.00' />
  <meta name='ocr-capabilities' content='ocr_page ocr_carea ocr_par ocr_line ocrx_word'/>
</head>
<body>
  <div class='ocr_page' id='page_1' title='image "./brevariumphilos00grangoog_0153.png"; bbox 0 0 2642 4250; ppageno 0'>
   <div class='ocr_carea' id='block_1_1' title="bbox 438 293 1076 354">
    <p class='ocr_par' dir='ltr' id='par_1_1' title="bbox 438 293 1076 354">
     <span class='ocr_line' id='line_1_1' title="bbox 438 293 1076 354; baseline 0 -1"><span class='ocrx_word' id='word_1_1' title='bbox 438 309 541 353; x_wconf 74' lang='lat' dir='ltr'>araret</span> <span class='ocrx_word' id='word_1_2' title='bbox 561 306 719 352; x_wconf 78' lang='lat' dir='ltr'>serotinis.</span> <span class='ocrx_word' id='word_1_3' title='bbox 1024 293 1076 354; x_wconf 76' lang='lat'>141</span> 
     </span>
    </p>
   </div>
   <div class='ocr_carea' id='block_1_2' title="bbox 60 421 1083 724">
    <p class='ocr_par' dir='ltr' id='par_1_2' title="bbox 60 421 1083 724">
     <span class='ocr_line' id='line_1_2' title="bbox 60 421 1083 502; baseline 0.002 -20"><span class='ocrx_word' id='word_1_4' title='bbox 60 424 151 500; x_wconf 82' lang='lat' dir='ltr'>Ergo</span> <span class='ocrx_word' id='word_1_5' title='bbox 168 423 320 485; x_wconf 84' lang='lat' dir='ltr'>ordinem</span> <span class='ocrx_word' id='word_1_6' title='bbox 335 423 492 502; x_wconf 86' lang='lat' dir='ltr'>moralem</span> <span class='ocrx_word' id='word_1_7' title='bbox 511 425 545 481; x_wconf 92' lang='lat' dir='ltr'>et</span> <span class='ocrx_word' id='word_1_8' title='bbox 567 421 758 500; x_wconf 84' lang='lat' dir='ltr'>religiosum</span> <span class='ocrx_word' id='word_1_9' title='bbox 782 422 880 498; x_wconf 88' lang='lat' dir='ltr'>plane</span> <span class='ocrx_word' id='word_1_10' title='bbox 903 424 1083 499; x_wconf 73' lang='lat' dir='ltr'>exstinguit</span> 
     </span>
     <span class='ocr_line' id='line_1_3' title="bbox 60 500 1082 583; baseline -0.003 -18"><span class='ocrx_word' id='word_1_11' title='bbox 60 504 148 565; x_wconf 87' lang='lat' dir='ltr'>illud</span> <span class='ocrx_word' id='word_1_12' title='bbox 162 508 320 583; x_wconf 89' lang='lat' dir='ltr'>systema,</span> <span class='ocrx_word' id='word_1_13' title='bbox 337 501 427 581; x_wconf 91' lang='lat' dir='ltr'>quod</span> <span class='ocrx_word' id='word_1_14' title='bbox 445 501 542 564; x_wconf 91' lang='lat' dir='ltr'>totius</span> <span class='ocrx_word' id='word_1_15' title='bbox 559 503 747 563; x_wconf 89' lang='lat' dir='ltr'>moralitatis</span> <span class='ocrx_word' id='word_1_16' title='bbox 761 500 887 564; x_wconf 85' lang='lat' dir='ltr'>fontem</span> <span class='ocrx_word' id='word_1_17' title='bbox 902 509 936 564; x_wconf 89' lang='lat' dir='ltr'>et</span> <span class='ocrx_word' id='word_1_18' title='bbox 950 504 1082 564; x_wconf 89' lang='lat' dir='ltr'>unicam</span> 
     </span>
     <span class='ocr_line' id='line_1_4' title="bbox 62 583 1083 724; baseline -0.001 -79"><span class='ocrx_word' id='word_1_19' title='bbox 62 583 318 724; x_wconf 55' lang='lat' dir='ltr'>‘c&#39;fflgteuam</span> <span class='ocrx_word' id='word_1_20' title='bbox 345 583 489 662; x_wconf 82' lang='lat' dir='ltr'>religiosi</span> <span class='ocrx_word' id='word_1_21' title='bbox 512 583 663 678; x_wconf 76' lang='lat' dir='ltr'>regulam</span> <span class='ocrx_word' id='word_1_22' title='bbox 683 583 716 642; x_wconf 90' lang='lat' dir='ltr'>in</span> <span class='ocrx_word' id='word_1_23' title='bbox 742 598 907 644; x_wconf 85' lang='lat' dir='ltr'>consensu</span> <span class='ocrx_word' id='word_1_24' title='bbox 931 585 1083 661; x_wconf 89' lang='lat' dir='ltr'>populari</span> 
     </span>
    </p>
   </div>
   <div class='ocr_carea' id='block_1_3' title="bbox 105 735 1184 818">
    <p class='ocr_par' dir='ltr' id='par_1_3' title="bbox 105 735 1184 818">
     <span class='ocr_line' id='line_1_5' title="bbox 105 735 1184 818; baseline -0.002 -14"><span class='ocrx_word' id='word_1_25' title='bbox 105 745 140 804; x_wconf 77' lang='lat'>2⁰</span> <span class='ocrx_word' id='word_1_26' title='bbox 164 744 226 804; x_wconf 90' lang='lat' dir='ltr'>Per</span> <span class='ocrx_word' id='word_1_27' title='bbox 241 759 277 803; x_wconf 91' lang='lat' dir='ltr'>se</span> <span class='ocrx_word' id='word_1_28' title='bbox 295 740 396 814; x_wconf 88' lang='lat' dir='ltr'>ducit,</span> <span class='ocrx_word' id='word_1_29' title='bbox 415 746 448 802; x_wconf 88' lang='lat' dir='ltr'>et</span> <span class='ocrx_word' id='word_1_30' title='bbox 466 739 600 818; x_wconf 90' lang='lat' dir='ltr'>quidem</span> <span class='ocrx_word' id='word_1_31' title='bbox 616 741 789 813; x_wconf 89' lang='lat' dir='ltr'>violenter,</span> <span class='ocrx_word' id='word_1_32' title='bbox 805 741 848 801; x_wconf 90' lang='lat' dir='ltr'>ad</span> <span class='ocrx_word' id='word_1_33' title='bbox 863 743 1084 804; x_wconf 90' lang='lat' dir='ltr'>socialismum</span> <span class='ocrx_word' id='word_1_34' title='bbox 1172 735 1184 740; x_wconf 51' lang='lat'><strong>⁹</strong></span> 
     </span>
    </p>
   </div>
   <div class='ocr_carea' id='block_1_4' title="bbox 65 820 1087 3292">
    <p class='ocr_par' dir='ltr' id='par_1_4' title="bbox 65 820 1087 1379">
     <span class='ocr_line' id='line_1_6' title="bbox 65 820 1084 900; baseline 0.001 -17"><span class='ocrx_word' id='word_1_35' title='bbox 65 827 100 883; x_wconf 89' lang='lat' dir='ltr'>et</span> <span class='ocrx_word' id='word_1_36' title='bbox 116 825 401 893; x_wconf 87' lang='lat' dir='ltr'>communismum,</span> <span class='ocrx_word' id='word_1_37' title='bbox 428 837 489 882; x_wconf 91' lang='lat' dir='ltr'>seu</span> <span class='ocrx_word' id='word_1_38' title='bbox 508 820 552 881; x_wconf 89' lang='lat' dir='ltr'>ad</span> <span class='ocrx_word' id='word_1_39' title='bbox 567 821 822 881; x_wconf 71' lang='lat' dir='ltr'>destructionem</span> <span class='ocrx_word' id='word_1_40' title='bbox 845 822 1084 900; x_wconf 89' lang='lat' dir='ltr'>cujuscumque</span> 
     </span>
     <span class='ocr_line' id='line_1_7' title="bbox 66 899 1085 979; baseline 0.002 -17"><span class='ocrx_word' id='word_1_41' title='bbox 66 901 267 964; x_wconf 79' lang='lat' dir='ltr'>diversitatis</span> <span class='ocrx_word' id='word_1_42' title='bbox 290 904 324 962; x_wconf 95' lang='lat' dir='ltr'>in</span> <span class='ocrx_word' id='word_1_43' title='bbox 341 899 582 964; x_wconf 89' lang='lat' dir='ltr'>conditionibus</span> <span class='ocrx_word' id='word_1_44' title='bbox 606 901 793 962; x_wconf 89' lang='lat' dir='ltr'>socialibus.</span> <span class='ocrx_word' id='word_1_45' title='bbox 811 903 936 961; x_wconf 85' lang='lat' dir='ltr'>Etenim</span> <span class='ocrx_word' id='word_1_46' title='bbox 951 901 1085 979; x_wconf 89' lang='lat' dir='ltr'>perfec-</span> 
     </span>
     <span class='ocr_line' id='line_1_8' title="bbox 68 981 1086 1060; baseline 0.001 -19"><span class='ocrx_word' id='word_1_47' title='bbox 68 987 137 1042; x_wconf 89' lang='lat' dir='ltr'>tam</span> <span class='ocrx_word' id='word_1_48' title='bbox 154 982 252 1044; x_wconf 88' lang='lat' dir='ltr'>docet</span> <span class='ocrx_word' id='word_1_49' title='bbox 265 982 483 1060; x_wconf 78' lang='lat' dir='ltr'>equalitatem</span> <span class='ocrx_word' id='word_1_50' title='bbox 505 981 591 1040; x_wconf 90' lang='lat' dir='ltr'>inter</span> <span class='ocrx_word' id='word_1_51' title='bbox 614 981 714 1053; x_wconf 89' lang='lat' dir='ltr'>cives,</span> <span class='ocrx_word' id='word_1_52' title='bbox 730 998 801 1059; x_wconf 85' lang='lat' dir='ltr'>que</span> <span class='ocrx_word' id='word_1_53' title='bbox 817 981 957 1043; x_wconf 88' lang='lat' dir='ltr'>obtineri</span> <span class='ocrx_word' id='word_1_54' title='bbox 971 982 1086 1060; x_wconf 91' lang='lat' dir='ltr'>nequit</span> 
     </span>
     <span class='ocr_line' id='line_1_9' title="bbox 67 1059 1085 1138; baseline -0.001 -15"><span class='ocrx_word' id='word_1_55' title='bbox 67 1063 248 1138; x_wconf 86' lang='lat' dir='ltr'>quominus</span> <span class='ocrx_word' id='word_1_56' title='bbox 263 1060 433 1124; x_wconf 89' lang='lat' dir='ltr'>diversitas</span> <span class='ocrx_word' id='word_1_57' title='bbox 449 1059 670 1122; x_wconf 91' lang='lat' dir='ltr'>conditionum</span> <span class='ocrx_word' id='word_1_58' title='bbox 684 1061 824 1121; x_wconf 88' lang='lat' dir='ltr'>tollatur.</span> <span class='ocrx_word' id='word_1_59' title='bbox 841 1062 999 1122; x_wconf 86' lang='lat' dir='ltr'>Preterea</span> <span class='ocrx_word' id='word_1_60' title='bbox 1010 1079 1085 1123; x_wconf 93' lang='lat' dir='ltr'>cum</span> 
     </span>
     <span class='ocr_line' id='line_1_10' title="bbox 68 1139 1084 1219; baseline 0 -17"><span class='ocrx_word' id='word_1_61' title='bbox 68 1142 240 1202; x_wconf 90' lang='lat' dir='ltr'>bominem</span> <span class='ocrx_word' id='word_1_62' title='bbox 262 1143 302 1202; x_wconf 91' lang='lat' dir='ltr'>ab</span> <span class='ocrx_word' id='word_1_63' title='bbox 328 1140 417 1202; x_wconf 90' lang='lat' dir='ltr'>omni</span> <span class='ocrx_word' id='word_1_64' title='bbox 442 1141 518 1218; x_wconf 87' lang='lat' dir='ltr'>lego</span> <span class='ocrx_word' id='word_1_65' title='bbox 545 1139 672 1210; x_wconf 89' lang='lat' dir='ltr'>morali,</span> <span class='ocrx_word' id='word_1_66' title='bbox 695 1156 733 1200; x_wconf 91' lang='lat' dir='ltr'>ac</span> <span class='ocrx_word' id='word_1_67' title='bbox 758 1141 897 1216; x_wconf 88' lang='lat' dir='ltr'>proinde</span> <span class='ocrx_word' id='word_1_68' title='bbox 922 1158 941 1202; x_wconf 90' lang='lat' dir='ltr'>a</span> <span class='ocrx_word' id='word_1_69' title='bbox 967 1144 1084 1219; x_wconf 71' lang='lat' dir='ltr'>quivis</span> 
     </span>
     <span class='ocr_line' id='line_1_11' title="bbox 70 1219 1087 1298; baseline 0.002 -18"><span class='ocrx_word' id='word_1_70' title='bbox 70 1219 170 1280; x_wconf 85' lang='lat' dir='ltr'>freno</span> <span class='ocrx_word' id='word_1_71' title='bbox 197 1222 332 1282; x_wconf 88' lang='lat' dir='ltr'>interius</span> <span class='ocrx_word' id='word_1_72' title='bbox 352 1225 584 1297; x_wconf 84' lang='lat' dir='ltr'>compescente</span> <span class='ocrx_word' id='word_1_73' title='bbox 600 1221 716 1294; x_wconf 87' lang='lat' dir='ltr'>solvat,</span> <span class='ocrx_word' id='word_1_74' title='bbox 738 1236 872 1298; x_wconf 88' lang='lat' dir='ltr'>semper</span> <span class='ocrx_word' id='word_1_75' title='bbox 886 1222 1009 1281; x_wconf 90' lang='lat' dir='ltr'>licitum</span> <span class='ocrx_word' id='word_1_76' title='bbox 1025 1224 1087 1283; x_wconf 93' lang='lat' dir='ltr'>erit</span> 
     </span>
     <span class='ocr_line' id='line_1_12' title="bbox 71 1300 639 1379; baseline 0 -19"><span class='ocrx_word' id='word_1_77' title='bbox 71 1304 133 1363; x_wconf 88' lang='lat' dir='ltr'>civi</span> <span class='ocrx_word' id='word_1_78' title='bbox 147 1300 235 1362; x_wconf 90' lang='lat' dir='ltr'>hanc</span> <span class='ocrx_word' id='word_1_79' title='bbox 246 1301 462 1379; x_wconf 87' lang='lat' dir='ltr'>aequalitatem</span> <span class='ocrx_word' id='word_1_80' title='bbox 475 1305 639 1377; x_wconf 91' lang='lat' dir='ltr'>repetere.</span> 
     </span>
    </p>

    <p class='ocr_par' dir='ltr' id='par_1_5' title="bbox 70 1379 1087 2257">
     <span class='ocr_line' id='line_1_13' title="bbox 111 1379 1087 1458; baseline 0.002 -18"><span class='ocrx_word' id='word_1_81' title='bbox 111 1381 142 1440; x_wconf 88' lang='lat'>3⁰</span> <span class='ocrx_word' id='word_1_82' title='bbox 153 1381 353 1441; x_wconf 87' lang='lat' dir='ltr'>Potestatem</span> <span class='ocrx_word' id='word_1_83' title='bbox 368 1379 527 1456; x_wconf 86' lang='lat' dir='ltr'>publicam</span> <span class='ocrx_word' id='word_1_84' title='bbox 539 1381 573 1440; x_wconf 92' lang='lat' dir='ltr'>in</span> <span class='ocrx_word' id='word_1_85' title='bbox 588 1383 741 1441; x_wconf 88' lang='lat' dir='ltr'>concreto</span> <span class='ocrx_word' id='word_1_86' title='bbox 757 1382 939 1456; x_wconf 89' lang='lat' dir='ltr'>spectatam</span> <span class='ocrx_word' id='word_1_87' title='bbox 953 1396 1087 1458; x_wconf 86' lang='lat' dir='ltr'>semper</span> 
     </span>
     <span class='ocr_line' id='line_1_14' title="bbox 70 1459 1086 1537; baseline 0.003 -18"><span class='ocrx_word' id='word_1_88' title='bbox 70 1465 242 1520; x_wconf 83' lang='lat' dir='ltr'>nutantem</span> <span class='ocrx_word' id='word_1_89' title='bbox 264 1461 385 1530; x_wconf 85' lang='lat' dir='ltr'>reddit,</span> <span class='ocrx_word' id='word_1_90' title='bbox 411 1465 444 1520; x_wconf 92' lang='lat' dir='ltr'>et</span> <span class='ocrx_word' id='word_1_91' title='bbox 461 1459 613 1521; x_wconf 87' lang='lat' dir='ltr'>omnibus</span> <span class='ocrx_word' id='word_1_92' title='bbox 628 1459 932 1536; x_wconf 84' lang='lat' dir='ltr'>perturbationibus</span> <span class='ocrx_word' id='word_1_93' title='bbox 947 1461 1086 1537; x_wconf 87' lang='lat' dir='ltr'>politicis</span> 
     </span>
     <span class='ocr_line' id='line_1_15' title="bbox 71 1536 1086 1618; baseline 0.004 -20"><span class='ocrx_word' id='word_1_94' title='bbox 71 1540 236 1618; x_wconf 85' lang='lat' dir='ltr'>indulget.</span> <span class='ocrx_word' id='word_1_95' title='bbox 263 1541 454 1618; x_wconf 82' lang='lat' dir='ltr'>subjectum</span> <span class='ocrx_word' id='word_1_96' title='bbox 467 1607 469 1610; x_wconf 42' lang='grc'>,</span> <span class='ocrx_word' id='word_1_97' title='bbox 482 1536 567 1600; x_wconf 87' lang='lat' dir='ltr'>enim</span> <span class='ocrx_word' id='word_1_98' title='bbox 594 1541 767 1615; x_wconf 89' lang='lat' dir='ltr'>potestatis</span> <span class='ocrx_word' id='word_1_99' title='bbox 792 1556 953 1616; x_wconf 78' lang='lat' dir='ltr'>supreme</span> <span class='ocrx_word' id='word_1_100' title='bbox 974 1545 1024 1601; x_wconf 90' lang='lat' dir='ltr'>est</span> <span class='ocrx_word' id='word_1_101' title='bbox 1043 1540 1086 1602; x_wconf 91' lang='lat' dir='ltr'>ad</span> 
     </span>
     <span class='ocr_line' id='line_1_16' title="bbox 71 1620 1083 1695; baseline 0.005 -19"><span class='ocrx_word' id='word_1_102' title='bbox 71 1624 186 1679; x_wconf 84' lang='lat' dir='ltr'>natum</span> <span class='ocrx_word' id='word_1_103' title='bbox 199 1620 397 1694; x_wconf 87' lang='lat' dir='ltr'>revocabile,</span> <span class='ocrx_word' id='word_1_104' title='bbox 412 1623 445 1679; x_wconf 93' lang='lat' dir='ltr'>et</span> <span class='ocrx_word' id='word_1_105' title='bbox 455 1635 589 1695; x_wconf 89' lang='lat' dir='ltr'>semper</span> <span class='ocrx_word' id='word_1_106' title='bbox 599 1620 712 1680; x_wconf 89' lang='lat' dir='ltr'>civium</span> <span class='ocrx_word' id='word_1_107' title='bbox 725 1620 883 1680; x_wconf 83' lang='lat' dir='ltr'>voluntati</span> <span class='ocrx_word' id='word_1_108' title='bbox 893 1621 1083 1692; x_wconf 88' lang='lat' dir='ltr'>obnoxium;</span> 
     </span>
     <span class='ocr_line' id='line_1_17' title="bbox 72 1699 1087 1778; baseline 0.006 -22"><span class='ocrx_word' id='word_1_109' title='bbox 72 1699 266 1760; x_wconf 91' lang='lat' dir='ltr'>mandatum</span> <span class='ocrx_word' id='word_1_110' title='bbox 287 1700 349 1777; x_wconf 89' lang='lat' dir='ltr'>ipsi</span> <span class='ocrx_word' id='word_1_111' title='bbox 370 1699 521 1760; x_wconf 89' lang='lat' dir='ltr'>collatum</span> <span class='ocrx_word' id='word_1_112' title='bbox 544 1701 595 1758; x_wconf 82' lang='lat' dir='ltr'>est</span> <span class='ocrx_word' id='word_1_113' title='bbox 609 1715 742 1775; x_wconf 88' lang='lat' dir='ltr'>semper</span> <span class='ocrx_word' id='word_1_114' title='bbox 757 1702 994 1772; x_wconf 84' lang='lat' dir='ltr'>rescissorium,</span> <span class='ocrx_word' id='word_1_115' title='bbox 1011 1701 1087 1778; x_wconf 91' lang='lat' dir='ltr'>quia</span> 
     </span>
     <span class='ocr_line' id='line_1_18' title="bbox 71 1777 1086 1857; baseline 0.002 -19"><span class='ocrx_word' id='word_1_116' title='bbox 71 1784 219 1856; x_wconf 87' lang='lat' dir='ltr'>potestas</span> <span class='ocrx_word' id='word_1_117' title='bbox 241 1783 293 1841; x_wconf 88' lang='lat' dir='ltr'>est</span> <span class='ocrx_word' id='word_1_118' title='bbox 314 1779 410 1839; x_wconf 89' lang='lat' dir='ltr'>modo</span> <span class='ocrx_word' id='word_1_119' title='bbox 433 1777 631 1838; x_wconf 88' lang='lat' dir='ltr'>inalienabili</span> <span class='ocrx_word' id='word_1_120' title='bbox 644 1784 675 1838; x_wconf 91' lang='lat' dir='ltr'>el</span> <span class='ocrx_word' id='word_1_121' title='bbox 691 1780 966 1856; x_wconf 87' lang='lat' dir='ltr'>imprescriptibili</span> <span class='ocrx_word' id='word_1_122' title='bbox 981 1796 1086 1857; x_wconf 90' lang='lat' dir='ltr'>penes</span> 
     </span>
     <span class='ocr_line' id='line_1_19' title="bbox 71 1858 1086 1936; baseline 0.001 -17"><span class='ocrx_word' id='word_1_123' title='bbox 71 1859 242 1934; x_wconf 87' lang='lat' dir='ltr'>populum.</span> <span class='ocrx_word' id='word_1_124' title='bbox 266 1860 350 1936; x_wconf 84' lang='lat' dir='ltr'>Ergo</span> <span class='ocrx_word' id='word_1_125' title='bbox 371 1873 513 1936; x_wconf 90' lang='lat' dir='ltr'>persona</span> <span class='ocrx_word' id='word_1_126' title='bbox 534 1858 669 1936; x_wconf 86' lang='lat' dir='ltr'>physica</span> <span class='ocrx_word' id='word_1_127' title='bbox 690 1866 747 1918; x_wconf 92' lang='lat' dir='ltr'>aut</span> <span class='ocrx_word' id='word_1_128' title='bbox 760 1860 892 1919; x_wconf 89' lang='lat' dir='ltr'>moralis</span> <span class='ocrx_word' id='word_1_129' title='bbox 906 1876 977 1936; x_wconf 88' lang='lat' dir='ltr'>que</span> <span class='ocrx_word' id='word_1_130' title='bbox 998 1876 1086 1920; x_wconf 90' lang='lat' dir='ltr'>man-</span> 
     </span>
     <span class='ocr_line' id='line_1_20' title="bbox 73 1936 1086 2016; baseline 0.001 -18"><span class='ocrx_word' id='word_1_131' title='bbox 73 1939 185 1998; x_wconf 91' lang='lat' dir='ltr'>datum</span> <span class='ocrx_word' id='word_1_132' title='bbox 210 1955 228 1999; x_wconf 94' lang='lat' dir='ltr'>a</span> <span class='ocrx_word' id='word_1_133' title='bbox 252 1939 374 2016; x_wconf 91' lang='lat' dir='ltr'>populo</span> <span class='ocrx_word' id='word_1_134' title='bbox 395 1938 522 2014; x_wconf 85' lang='lat' dir='ltr'>accepit</span> <span class='ocrx_word' id='word_1_135' title='bbox 535 1936 744 2016; x_wconf 87' lang='lat' dir='ltr'>gubernandi</span> <span class='ocrx_word' id='word_1_136' title='bbox 758 1939 1007 2015; x_wconf 88' lang='lat' dir='ltr'>rempublicam,</span> <span class='ocrx_word' id='word_1_137' title='bbox 1024 1956 1086 2015; x_wconf 94' lang='lat' dir='ltr'>po-</span> 
     </span>
     <span class='ocr_line' id='line_1_21' title="bbox 74 2015 1086 2096; baseline 0.003 -18"><span class='ocrx_word' id='word_1_138' title='bbox 74 2023 136 2078; x_wconf 87' lang='lat' dir='ltr'>test</span> <span class='ocrx_word' id='word_1_139' title='bbox 166 2034 300 2094; x_wconf 90' lang='lat' dir='ltr'>semper</span> <span class='ocrx_word' id='word_1_140' title='bbox 334 2024 367 2079; x_wconf 91' lang='lat' dir='ltr'>et</span> <span class='ocrx_word' id='word_1_141' title='bbox 389 2015 547 2094; x_wconf 89' lang='lat' dir='ltr'>quotidie,</span> <span class='ocrx_word' id='word_1_142' title='bbox 579 2023 613 2078; x_wconf 91' lang='lat' dir='ltr'>et</span> <span class='ocrx_word' id='word_1_143' title='bbox 634 2018 749 2095; x_wconf 91' lang='lat' dir='ltr'>quovis</span> <span class='ocrx_word' id='word_1_144' title='bbox 770 2017 892 2091; x_wconf 88' lang='lat' dir='ltr'>medio,</span> <span class='ocrx_word' id='word_1_145' title='bbox 923 2023 1086 2096; x_wconf 87' lang='lat' dir='ltr'>potestate</span> 
     </span>
     <span class='ocr_line' id='line_1_22' title="bbox 73 2096 1086 2257; baseline 0.002 -98"><span class='ocrx_word' id='word_1_146' title='bbox 73 2098 210 2257; x_wconf 44' lang='lat' dir='ltr'>polium)</span> <span class='ocrx_word' id='word_1_147' title='bbox 226 2099 354 2176; x_wconf 86' lang='lat' dir='ltr'>privari.</span> <span class='ocrx_word' id='word_1_148' title='bbox 387 2098 426 2161; x_wconf 77' lang='lat' dir='ltr'>bt</span> <span class='ocrx_word' id='word_1_149' title='bbox 446 2096 481 2159; x_wconf 91' lang='lat' dir='ltr'>id</span> <span class='ocrx_word' id='word_1_150' title='bbox 511 2099 678 2175; x_wconf 84' lang='lat' dir='ltr'>expressis</span> <span class='ocrx_word' id='word_1_151' title='bbox 699 2099 808 2162; x_wconf 89' lang='lat' dir='ltr'>verbis</span> <span class='ocrx_word' id='word_1_152' title='bbox 829 2100 942 2177; x_wconf 89' lang='lat' dir='ltr'>plures</span> <span class='ocrx_word' id='word_1_153' title='bbox 965 2098 1086 2162; x_wconf 91' lang='lat' dir='ltr'>docue-</span> 
     </span>
     <span class='ocr_line' id='line_1_23' title="bbox 73 2182 222 2239; baseline -0.007 0"><span class='ocrx_word' id='word_1_154' title='bbox 73 2182 147 2239; x_wconf 89' lang='lat' dir='ltr'>runt</span> <span class='ocrx_word' id='word_1_155' title='bbox 183 2182 222 2239; x_wconf 92' lang='lat' dir='ltr'>l.</span> 
     </span>
    </p>

    <p class='ocr_par' dir='ltr' id='par_1_6' title="bbox 68 2257 1087 3292">
     <span class='ocr_line' id='line_1_24' title="bbox 108 2257 1084 2337; baseline 0.002 -18"><span class='ocrx_word' id='word_1_156' title='bbox 108 2259 180 2319; x_wconf 76' lang='lat'><strong>256.</strong></span> <span class='ocrx_word' id='word_1_157' title='bbox 195 2292 234 2300; x_wconf 93' lang='lat'>—</span> <span class='ocrx_word' id='word_1_158' title='bbox 250 2258 426 2319; x_wconf 74' lang='lat' dir='ltr'>scholium.</span> <span class='ocrx_word' id='word_1_159' title='bbox 451 2259 521 2318; x_wconf 86' lang='lat' dir='ltr'>lieo</span> <span class='ocrx_word' id='word_1_160' title='bbox 544 2257 680 2330; x_wconf 89' lang='lat' dir='ltr'>theoria,</span> <span class='ocrx_word' id='word_1_161' title='bbox 703 2257 795 2337; x_wconf 91' lang='lat' dir='ltr'>quod</span> <span class='ocrx_word' id='word_1_162' title='bbox 815 2258 934 2318; x_wconf 88' lang='lat' dir='ltr'>mirum</span> <span class='ocrx_word' id='word_1_163' title='bbox 954 2260 1084 2321; x_wconf 86' lang='lat' dir='ltr'>videre-</span> 
     </span>
     <span class='ocr_line' id='line_1_25' title="bbox 73 2338 1085 2416; baseline 0.002 -17"><span class='ocrx_word' id='word_1_164' title='bbox 73 2345 122 2399; x_wconf 92' lang='lat' dir='ltr'>tur</span> <span class='ocrx_word' id='word_1_165' title='bbox 145 2339 171 2397; x_wconf 93' lang='lat' dir='ltr'>si</span> <span class='ocrx_word' id='word_1_166' title='bbox 195 2342 342 2399; x_wconf 89' lang='lat' dir='ltr'>extrema</span> <span class='ocrx_word' id='word_1_167' title='bbox 365 2338 515 2414; x_wconf 91' lang='lat' dir='ltr'>opposita</span> <span class='ocrx_word' id='word_1_168' title='bbox 536 2353 603 2399; x_wconf 91' lang='lat' dir='ltr'>non</span> <span class='ocrx_word' id='word_1_169' title='bbox 619 2354 693 2397; x_wconf 89' lang='lat' dir='ltr'>sese</span> <span class='ocrx_word' id='word_1_170' title='bbox 710 2338 913 2416; x_wconf 81' lang='lat' dir='ltr'>conjungere</span> <span class='ocrx_word' id='word_1_171' title='bbox 928 2341 1085 2412; x_wconf 87' lang='lat' dir='ltr'>solerent,</span> 
     </span>
     <span class='ocr_line' id='line_1_26' title="bbox 72 2416 1087 2497; baseline 0.002 -18"><span class='ocrx_word' id='word_1_172' title='bbox 72 2418 113 2479; x_wconf 89' lang='lat' dir='ltr'>ad</span> <span class='ocrx_word' id='word_1_173' title='bbox 136 2416 347 2497; x_wconf 88' lang='lat' dir='ltr'>tyrannidem</span> <span class='ocrx_word' id='word_1_174' title='bbox 372 2420 505 2479; x_wconf 90' lang='lat' dir='ltr'>omnino</span> <span class='ocrx_word' id='word_1_175' title='bbox 527 2416 755 2479; x_wconf 88' lang='lat' dir='ltr'>incredibilem</span> <span class='ocrx_word' id='word_1_176' title='bbox 778 2417 880 2478; x_wconf 87' lang='lat' dir='ltr'>ducit.</span> <span class='ocrx_word' id='word_1_177' title='bbox 909 2417 990 2481; x_wconf 87' lang='lat' dir='ltr'>Cum</span> <span class='ocrx_word' id='word_1_178' title='bbox 1012 2420 1087 2481; x_wconf 90' lang='lat' dir='ltr'>sub·</span> 
     </span>
     <span class='ocr_line' id='line_1_27' title="bbox 68 2494 1084 2575; baseline 0.004 -18"><span class='ocrx_word' id='word_1_179' title='bbox 68 2498 194 2575; x_wconf 88' lang='lat' dir='ltr'>jectum</span> <span class='ocrx_word' id='word_1_180' title='bbox 222 2494 358 2575; x_wconf 84' lang='lat' dir='ltr'>aliquod</span> <span class='ocrx_word' id='word_1_181' title='bbox 388 2496 490 2575; x_wconf 84' lang='lat' dir='ltr'>hujus</span> <span class='ocrx_word' id='word_1_182' title='bbox 520 2498 691 2575; x_wconf 88' lang='lat' dir='ltr'>potestatis</span> <span class='ocrx_word' id='word_1_183' title='bbox 718 2500 935 2569; x_wconf 90' lang='lat' dir='ltr'>constituitur,</span> <span class='ocrx_word' id='word_1_184' title='bbox 959 2500 986 2559; x_wconf 90' lang='lat' dir='ltr'>si</span> <span class='ocrx_word' id='word_1_185' title='bbox 1008 2516 1084 2561; x_wconf 90' lang='lat' dir='ltr'>auc-</span> 
     </span>
     <span class='ocr_line' id='line_1_28' title="bbox 71 2574 1085 2656; baseline 0.005 -19"><span class='ocrx_word' id='word_1_186' title='bbox 71 2578 233 2637; x_wconf 86' lang='lat' dir='ltr'>toritatem</span> <span class='ocrx_word' id='word_1_187' title='bbox 265 2578 312 2637; x_wconf 89' lang='lat' dir='ltr'>sio</span> <span class='ocrx_word' id='word_1_188' title='bbox 349 2574 517 2637; x_wconf 88' lang='lat' dir='ltr'>definitam</span> <span class='ocrx_word' id='word_1_189' title='bbox 547 2576 652 2637; x_wconf 89' lang='lat' dir='ltr'>adse</span> <span class='ocrx_word' id='word_1_190' title='bbox 679 2578 850 2655; x_wconf 87' lang='lat' dir='ltr'>arriperet,</span> <span class='ocrx_word' id='word_1_191' title='bbox 873 2580 941 2656; x_wconf 88' lang='lat' dir='ltr'>jam</span> <span class='ocrx_word' id='word_1_192' title='bbox 964 2580 1085 2642; x_wconf 89' lang='lat' dir='ltr'>arbiter</span> 
     </span>
     <span class='ocr_line' id='line_1_29' title="bbox 71 2654 1083 2736; baseline 0.005 -20"><span class='ocrx_word' id='word_1_193' title='bbox 71 2672 248 2733; x_wconf 89' lang='lat' dir='ltr'>supremus</span> <span class='ocrx_word' id='word_1_194' title='bbox 279 2654 365 2717; x_wconf 88' lang='lat' dir='ltr'>foret</span> <span class='ocrx_word' id='word_1_195' title='bbox 395 2657 631 2736; x_wconf 87' lang='lat' dir='ltr'>cujuscumque</span> <span class='ocrx_word' id='word_1_196' title='bbox 658 2658 788 2736; x_wconf 82' lang='lat' dir='ltr'>justitie</span> <span class='ocrx_word' id='word_1_197' title='bbox 824 2663 857 2717; x_wconf 89' lang='lat' dir='ltr'>et</span> <span class='ocrx_word' id='word_1_198' title='bbox 887 2661 1045 2734; x_wconf 87' lang='lat' dir='ltr'>aequitatis</span> <span class='ocrx_word' id='word_1_199' title='bbox 1076 2680 1083 2721; x_wconf 91' lang='lat'>:</span> 
     </span>
     <span class='ocr_line' id='line_1_30' title="bbox 73 2735 1084 2817; baseline 0.007 -24"><span class='ocrx_word' id='word_1_200' title='bbox 73 2737 208 2815; x_wconf 90' lang='lat' dir='ltr'>quilibet</span> <span class='ocrx_word' id='word_1_201' title='bbox 234 2737 324 2796; x_wconf 93' lang='lat' dir='ltr'>enim</span> <span class='ocrx_word' id='word_1_202' title='bbox 345 2739 438 2797; x_wconf 90' lang='lat' dir='ltr'>actus</span> <span class='ocrx_word' id='word_1_203' title='bbox 460 2738 552 2799; x_wconf 88' lang='lat' dir='ltr'>istius</span> <span class='ocrx_word' id='word_1_204' title='bbox 572 2735 663 2798; x_wconf 88' lang='lat' dir='ltr'>modi</span> <span class='ocrx_word' id='word_1_205' title='bbox 685 2737 879 2816; x_wconf 86' lang='lat' dir='ltr'>regnatoris,</span> <span class='ocrx_word' id='word_1_206' title='bbox 896 2753 957 2798; x_wconf 90' lang='lat' dir='ltr'>seu</span> <span class='ocrx_word' id='word_1_207' title='bbox 966 2739 1084 2817; x_wconf 76' lang='lat' dir='ltr'>Jussio,</span> 
     </span>
     <span class='ocr_line' id='line_1_31' title="bbox 74 2816 1085 2895; baseline 0.005 -18"><span class='ocrx_word' id='word_1_208' title='bbox 74 2833 138 2893; x_wconf 90' lang='lat' dir='ltr'>qua</span> <span class='ocrx_word' id='word_1_209' title='bbox 160 2816 244 2890; x_wconf 82' lang='lat' dir='ltr'>tans,</span> <span class='ocrx_word' id='word_1_210' title='bbox 270 2819 356 2876; x_wconf 89' lang='lat' dir='ltr'>esset</span> <span class='ocrx_word' id='word_1_211' title='bbox 378 2831 494 2876; x_wconf 88' lang='lat' dir='ltr'>norma</span> <span class='ocrx_word' id='word_1_212' title='bbox 511 2816 645 2895; x_wconf 86' lang='lat' dir='ltr'>justitie</span> <span class='ocrx_word' id='word_1_213' title='bbox 669 2824 701 2877; x_wconf 86' lang='lat' dir='ltr'>et</span> <span class='ocrx_word' id='word_1_214' title='bbox 721 2816 891 2894; x_wconf 79' lang='lat' dir='ltr'>equitatis,</span> <span class='ocrx_word' id='word_1_215' title='bbox 909 2825 1085 2895; x_wconf 87' lang='lat' dir='ltr'>quantum·</span> 
     </span>
     <span class='ocr_line' id='line_1_32' title="bbox 73 2894 1086 2975; baseline 0.006 -20"><span class='ocrx_word' id='word_1_216' title='bbox 73 2898 119 2956; x_wconf 86' lang='lat' dir='ltr'>vis</span> <span class='ocrx_word' id='word_1_217' title='bbox 134 2899 176 2955; x_wconf 90' lang='lat' dir='ltr'>sit</span> <span class='ocrx_word' id='word_1_218' title='bbox 190 2911 300 2972; x_wconf 90' lang='lat' dir='ltr'>prava.</span> <span class='ocrx_word' id='word_1_219' title='bbox 314 2894 445 2956; x_wconf 83' lang='lat' dir='ltr'>Etbanc</span> <span class='ocrx_word' id='word_1_220' title='bbox 455 2896 701 2957; x_wconf 87' lang='lat' dir='ltr'>conclusionem</span> <span class='ocrx_word' id='word_1_221' title='bbox 712 2896 783 2975; x_wconf 90' lang='lat' dir='ltr'>jam</span> <span class='ocrx_word' id='word_1_222' title='bbox 798 2899 963 2971; x_wconf 80' lang='lat' dir='ltr'>expressis</span> <span class='ocrx_word' id='word_1_223' title='bbox 977 2901 1086 2961; x_wconf 89' lang='lat' dir='ltr'>verbis</span> 
     </span>
     <span class='ocr_line' id='line_1_33' title="bbox 73 2973 1085 3054; baseline 0.006 -19"><span class='ocrx_word' id='word_1_224' title='bbox 73 2976 157 3035; x_wconf 90' lang='lat' dir='ltr'>eruit</span> <span class='ocrx_word' id='word_1_225' title='bbox 173 2974 355 3036; x_wconf 88' lang='lat' dir='ltr'>llobbesius</span> <span class='ocrx_word' id='word_1_226' title='bbox 371 2973 485 3036; x_wconf 89' lang='lat' dir='ltr'>dicens</span> <span class='ocrx_word' id='word_1_227' title='bbox 502 2996 509 3036; x_wconf 76' lang='grc' dir='ltr'><em>τ</em></span> <span class='ocrx_word' id='word_1_228' title='bbox 526 2999 539 3029; x_wconf 90' lang='lat'>‹</span> <span class='ocrx_word' id='word_1_229' title='bbox 558 2976 708 3036; x_wconf 88' lang='lat' dir='ltr'>Summos</span> <span class='ocrx_word' id='word_1_230' title='bbox 728 2977 926 3052; x_wconf 87' lang='lat' dir='ltr'>imperantes</span> <span class='ocrx_word' id='word_1_231' title='bbox 945 2995 1085 3054; x_wconf 88' lang='lat' dir='ltr'>peccare</span> 
     </span>
     <span class='ocr_line' id='line_1_34' title="bbox 73 3057 1081 3134; baseline 0.005 -18"><span class='ocrx_word' id='word_1_232' title='bbox 73 3070 139 3116; x_wconf 91' lang='lat' dir='ltr'>non</span> <span class='ocrx_word' id='word_1_233' title='bbox 160 3070 273 3131; x_wconf 90' lang='lat' dir='ltr'>posse,</span> <span class='ocrx_word' id='word_1_234' title='bbox 295 3071 406 3132; x_wconf 82' lang='lat' dir='ltr'>ireque</span> <span class='ocrx_word' id='word_1_235' title='bbox 430 3072 504 3115; x_wconf 88' lang='lat' dir='ltr'>cum</span> <span class='ocrx_word' id='word_1_236' title='bbox 524 3057 652 3116; x_wconf 86' lang='lat' dir='ltr'>ratione</span> <span class='ocrx_word' id='word_1_237' title='bbox 675 3072 819 3133; x_wconf 89' lang='lat' dir='ltr'>unquam</span> <span class='ocrx_word' id='word_1_238' title='bbox 841 3057 1033 3134; x_wconf 79' lang='lat' dir='ltr'>culpandos.</span> <span class='ocrx_word' id='word_1_239' title='bbox 1068 3084 1081 3112; x_wconf 76' lang='grc' dir='ltr'><strong><em>ι</em></strong></span> 
     </span>
     <span class='ocr_line' id='line_1_35' title="bbox 74 3133 1085 3213; baseline 0.007 -18"><span class='ocrx_word' id='word_1_240' title='bbox 74 3136 180 3211; x_wconf 88' lang='lat' dir='ltr'>Quare</span> <span class='ocrx_word' id='word_1_241' title='bbox 203 3134 319 3195; x_wconf 85' lang='lat' dir='ltr'>mirum</span> <span class='ocrx_word' id='word_1_242' title='bbox 340 3150 408 3195; x_wconf 89' lang='lat' dir='ltr'>non</span> <span class='ocrx_word' id='word_1_243' title='bbox 430 3134 592 3213; x_wconf 87' lang='lat' dir='ltr'>estquod</span> <span class='ocrx_word' id='word_1_244' title='bbox 613 3136 713 3213; x_wconf 90' lang='lat' dir='ltr'>aliqui</span> <span class='ocrx_word' id='word_1_245' title='bbox 736 3133 958 3198; x_wconf 88' lang='lat' dir='ltr'>dominatores</span> <span class='ocrx_word' id='word_1_246' title='bbox 980 3139 1085 3201; x_wconf 91' lang='lat' dir='ltr'>dolosi</span> 
     </span>
     <span class='ocr_line' id='line_1_36' title="bbox 74 3213 940 3292; baseline 0.001 -16"><span class='ocrx_word' id='word_1_247' title='bbox 74 3221 105 3276; x_wconf 90' lang='lat' dir='ltr'>ct</span> <span class='ocrx_word' id='word_1_248' title='bbox 126 3214 206 3275; x_wconf 93' lang='lat' dir='ltr'>nihil</span> <span class='ocrx_word' id='word_1_249' title='bbox 228 3216 323 3292; x_wconf 89' lang='lat' dir='ltr'>pensi</span> <span class='ocrx_word' id='word_1_250' title='bbox 343 3214 506 3275; x_wconf 92' lang='lat' dir='ltr'>habentes</span> <span class='ocrx_word' id='word_1_251' title='bbox 527 3216 603 3277; x_wconf 90' lang='lat' dir='ltr'>huic</span> <span class='ocrx_word' id='word_1_252' title='bbox 625 3213 778 3276; x_wconf 84' lang='lat' dir='ltr'>doctrine</span> <span class='ocrx_word' id='word_1_253' title='bbox 799 3213 940 3277; x_wconf 88' lang='lat' dir='ltr'>faveant.</span> 
     </span>
    </p>
   </div>
   <div class='ocr_carea' id='block_1_5' title="bbox 72 3319 1084 3480">
    <p class='ocr_par' dir='ltr' id='par_1_7' title="bbox 72 3319 1084 3480">
     <span class='ocr_line' id='line_1_37' title="bbox 72 3319 1082 3400; baseline 0.003 -18"><span class='ocrx_word' id='word_1_254' title='bbox 72 3322 142 3382; x_wconf 72' lang='lat'><strong>257.</strong></span> <span class='ocrx_word' id='word_1_255' title='bbox 160 3354 199 3364; x_wconf 99' lang='lat'><em>-</em></span> <span class='ocrx_word' id='word_1_256' title='bbox 211 3322 320 3381; x_wconf 81' lang='lat' dir='ltr'>Tarsis</span> <span class='ocrx_word' id='word_1_257' title='bbox 342 3321 379 3381; x_wconf 93' lang='lat' dir='ltr'>lt.</span> <span class='ocrx_word' id='word_1_258' title='bbox 410 3319 499 3381; x_wconf 83' lang='lat' dir='ltr'>Illud</span> <span class='ocrx_word' id='word_1_259' title='bbox 524 3327 663 3396; x_wconf 79' lang='lat' dir='ltr'>systema</span> <span class='ocrx_word' id='word_1_260' title='bbox 682 3322 841 3398; x_wconf 72' lang='lat' dir='ltr'>oripinem</span> <span class='ocrx_word' id='word_1_261' title='bbox 865 3323 952 3383; x_wconf 84' lang='lat' dir='ltr'>ducit</span> <span class='ocrx_word' id='word_1_262' title='bbox 966 3340 987 3384; x_wconf 85' lang='lat' dir='ltr'>a</span> <span class='ocrx_word' id='word_1_263' title='bbox 1002 3342 1082 3400; x_wconf 87' lang='lat' dir='ltr'>pro·</span> 
     </span>
     <span class='ocr_line' id='line_1_38' title="bbox 112 3400 1084 3480; baseline 0.007 -21"><span class='ocrx_word' id='word_1_264' title='bbox 112 3401 321 3471; x_wconf 81' lang='lat' dir='ltr'>testanttsmc,</span> <span class='ocrx_word' id='word_1_265' title='bbox 338 3400 434 3477; x_wconf 81' lang='lat' dir='ltr'>cujus</span> <span class='ocrx_word' id='word_1_266' title='bbox 448 3405 492 3461; x_wconf 88' lang='lat' dir='ltr'>est</span> <span class='ocrx_word' id='word_1_267' title='bbox 506 3416 599 3461; x_wconf 84' lang='lat' dir='ltr'>mera</span> <span class='ocrx_word' id='word_1_268' title='bbox 620 3401 797 3477; x_wconf 79' lang='lat' dir='ltr'>applicatio</span> <span class='ocrx_word' id='word_1_269' title='bbox 813 3404 925 3462; x_wconf 83' lang='lat' dir='ltr'>ordini</span> <span class='ocrx_word' id='word_1_270' title='bbox 938 3403 1084 3480; x_wconf 79' lang='lat' dir='ltr'>politico.</span> 
     </span>
    </p>
   </div>
   <div class='ocr_carea' id='block_1_6' title="bbox 74 3503 1086 3669">
    <p class='ocr_par' dir='ltr' id='par_1_8' title="bbox 74 3503 1086 3669">
     <span class='ocr_line' id='line_1_39' title="bbox 112 3503 1086 3586; baseline 0.005 -19"><span class='ocrx_word' id='word_1_271' title='bbox 112 3504 287 3567; x_wconf 83' lang='lat' dir='ltr'>Probatur.</span> <span class='ocrx_word' id='word_1_272' title='bbox 308 3506 336 3565; x_wconf 82' lang='lat'>1⁰</span> <span class='ocrx_word' id='word_1_273' title='bbox 350 3506 492 3566; x_wconf 80' lang='lat' dir='ltr'>Historia</span> <span class='ocrx_word' id='word_1_274' title='bbox 501 3506 592 3582; x_wconf 83' lang='lat' dir='ltr'>juris</span> <span class='ocrx_word' id='word_1_275' title='bbox 614 3504 649 3567; x_wconf 92' lang='lat' dir='ltr'>id</span> <span class='ocrx_word' id='word_1_276' title='bbox 662 3503 816 3580; x_wconf 91' lang='lat' dir='ltr'>ostendit,</span> <span class='ocrx_word' id='word_1_277' title='bbox 837 3507 915 3586; x_wconf 90' lang='lat' dir='ltr'>quia</span> <span class='ocrx_word' id='word_1_278' title='bbox 935 3514 1086 3571; x_wconf 90' lang='lat' dir='ltr'>auctores</span> 
     </span>
     <span class='ocr_line' id='line_1_40' title="bbox 74 3584 1086 3669; baseline 0.007 -24"><span class='ocrx_word' id='word_1_279' title='bbox 74 3588 295 3663; x_wconf 87' lang='lat' dir='ltr'>protestantes</span> <span class='ocrx_word' id='word_1_280' title='bbox 309 3584 395 3645; x_wconf 89' lang='lat' dir='ltr'>banc</span> <span class='ocrx_word' id='word_1_281' title='bbox 405 3584 562 3647; x_wconf 89' lang='lat' dir='ltr'>theoriam</span> <span class='ocrx_word' id='word_1_282' title='bbox 576 3584 748 3658; x_wconf 89' lang='lat' dir='ltr'>cuderunt,</span> <span class='ocrx_word' id='word_1_283' title='bbox 761 3591 815 3647; x_wconf 90' lang='lat' dir='ltr'>aut</span> <span class='ocrx_word' id='word_1_284' title='bbox 827 3592 915 3649; x_wconf 88' lang='lat' dir='ltr'>certo</span> <span class='ocrx_word' id='word_1_285' title='bbox 927 3590 1086 3669; x_wconf 88' lang='lat' dir='ltr'>principia</span> 
     </span>
    </p>
   </div>
   <div class='ocr_carea' id='block_1_7' title="bbox 102 3703 783 3781">
    <p class='ocr_par' dir='ltr' id='par_1_9' title="bbox 102 3703 783 3781">
     <span class='ocr_line' id='line_1_41' title="bbox 102 3703 783 3781; baseline 0.006 -23"><span class='ocrx_word' id='word_1_286' title='bbox 102 3709 137 3773; x_wconf 77' lang='lat' dir='ltr'>ll)</span> <span class='ocrx_word' id='word_1_287' title='bbox 153 3705 250 3771; x_wconf 63' lang='lat' dir='ltr'>storto.</span> <span class='ocrx_word' id='word_1_288' title='bbox 263 3703 484 3771; x_wconf 64' lang='lat' dir='ltr'>oser-aequate</span> <span class='ocrx_word' id='word_1_289' title='bbox 499 3708 708 3781; x_wconf 57' lang='lat' dir='ltr'>TicrsEtatip.</span> <span class='ocrx_word' id='word_1_290' title='bbox 727 3709 783 3762; x_wconf 85' lang='lat'><strong>116.</strong></span> 
     </span>
    </p>
   </div>
   <div class='ocr_carea' id='block_1_8' title="bbox 0 0 1347 4250">
    <p class='ocr_par' dir='ltr' id='par_1_10' title="bbox 0 0 1347 4250">
     <span class='ocr_line' id='line_1_42' title="bbox 0 0 1347 4250; baseline 0 0"><span class='ocrx_word' id='word_1_291' title='bbox 0 0 1347 4250; x_wconf 95' lang='lat' dir='ltr'> </span> 
     </span>
    </p>
   </div>
  </div>
 </body>
</html>
