2642 4250
478 277 581 319 sinici
604 273 762 318 spectans
1080 253 1134 314 181

96 386 213 464 jubel
234 391 317 449 lianc
347 387 659 458 manifestationem,
692 393 726 448 et
752 382 955 445 insecundo
984 383 1137 459 prohibet

102 471 301 544 quemlibet
316 475 426 530 actum
445 467 637 548 hujusmodi
652 468 721 529 sive
738 471 923 535 externum,
939 466 1009 524 sire
1030 465 1136 524 inter·

101 563 212 610 num.

148 628 315 689 Praeterea
339 629 437 690 etiam
454 629 643 687 transmisso
668 625 901 692 antecedente,
925 637 1137 698 consequens

101 721 241 786 negare
269 709 346 787 Jure
378 723 562 785 possemne,
590 703 667 783 q'uia
699 723 740 766 ex
770 702 992 766 antecedente
1027 702 1135 782 logice

102 801 181 847 non
213 787 286 848 fluit
319 809 326 848 :
359 795 452 847 actus
484 793 573 848 enim
603 785 681 846 fidei
713 793 762 846 est
788 790 881 846 actus
905 783 1065 851 internus,
1093 785 1134 845 ab

102 867 286 928 intellectu
319 867 456 936 elicitus,
489 873 520 926 et
555 865 688 942 quidem
720 883 781 942 per
815 869 925 926 actum
959 863 1135 940 positivum

102 947 295 1007 voluntatis
316 952 422 1016 moto;
446 963 544 1023 porro
560 945 721 1021 professio
744 949 891 1014 esterna,
916 942 958 1003 de
981 957 1046 1019 qua
1067 943 1134 1021 agi-

104 1029 177 1100 tur,
213 1028 454 1088 connexionem
485 1029 709 1087 neeessariam
739 1041 806 1085 non
828 1024 929 1085 habet
951 1039 1023 1082 cum
1046 1025 1131 1102 ejus-

104 1105 206 1166 modi
230 1111 307 1168 actu
328 1109 469 1167 interno.

147 1187 209 1246 Hic
248 1188 342 1247 etiam
377 1184 677 1246 animadvertemus
713 1190 806 1244 actus
837 1198 952 1243 omnes
984 1183 1133 1258 publicos

103 1279 186 1327 esse
211 1264 456 1342 quodammodo
472 1265 622 1335 sociales
647 1281 709 1325 seu
729 1281 795 1324 non
821 1265 865 1322 ita
887 1279 961 1322 esse
983 1265 1134 1340 proprios

103 1347 330 1423 singulorum,
372 1346 428 1422 qui
469 1344 605 1404 eosdem
630 1343 793 1414 eliciunt,
815 1348 852 1402 ut
887 1343 948 1402 alia
985 1344 1135 1403 membra

104 1427 281 1487 societatis
311 1440 378 1485 non
417 1423 569 1485 afficiant.
609 1423 770 1483 Omnibus
800 1421 989 1499 quotidiana
1032 1439 1134 1499 expe-

104 1503 229 1566 rientia
252 1507 457 1583 exploratum
480 1509 619 1564 estnon
641 1503 741 1564 modo
768 1506 934 1563 actionem
960 1502 1134 1564 honestam

106 1581 154 1644 a'd
204 1586 331 1647 bonum
370 1584 539 1660 impellere
579 1583 742 1655 videntes,
776 1583 838 1644 sed
869 1585 902 1641 et
930 1586 1059 1658 turpem
1091 1583 1134 1644 ad

105 1679 221 1724 mores
234 1666 369 1725 aliorum
385 1662 647 1740 corrumpendos
663 1664 738 1740 plus
753 1664 902 1723 minusve
917 1662 1106 1723 conducere
1125 1683 1132 1722 ε

105 1743 263 1805 homines
286 1744 438 1821 exemplo
461 1744 585 1804 moveri
611 1743 730 1804 solent.
755 1745 868 1820 ltaque
892 1742 1032 1819 quisque
1055 1743 1133 1820 jure

105 1828 220 1898 potest
252 1827 468 1884 remotionem
509 1821 668 1892 scandali,
709 1821 799 1901 quod
831 1821 984 1883 omnibus
1018 1830 1130 1895 nocet,

107 1917 235 1979 nempe
257 1905 345 1964 bono
369 1904 533 1962 communi
556 1899 761 1975 adversatur,
786 1917 937 1979 poscere,
962 1916 1001 1960 ac
1022 1906 1133 1980 proin-

108 1979 151 2041 de
173 1982 390 2060 professionis
410 1986 551 2042 externae
575 1983 682 2043 cultus
702 1981 776 2044 falsi
798 1987 831 2043 et
852 1981 998 2059 perversi
1019 1983 1131 2059 probi-

106 2061 269 2124 bitionem
290 2068 417 2141 petere.

147 2142 229 2203 lnde
250 2145 283 2203 in
305 2144 435 2223 Syllabo
459 2141 610 2217 superius
632 2142 777 2210 laudato,
802 2142 956 2202 damnata
976 2139 1038 2201 fuit
1060 2141 1128 2200 hec

105 2223 320 2299 propositio:
348 2249 360 2276 ‹
386 2223 555 2284 Enimvero
576 2218 694 2282 falsum
726 2224 777 2283 est
808 2222 932 2283 civibus
963 2220 1125 2300 cujusque
1180 2280 1184 2290 ,

107 2297 216 2362 cultus
231 2304 416 2364 libertatem
432 2302 580 2379 itemque
599 2302 731 2378 plenam
752 2305 951 2377 potestatem
972 2302 1124 2361 omnibns

106 2383 295 2442 attributam
315 2383 478 2462 quaslibet
499 2381 672 2459 opiniones
705 2380 989 2460 cogitationesque
1015 2382 1124 2457 palam

106 2461 308 2539 publiceque
349 2460 580 2523 manifestandi
620 2460 808 2522 conducere
843 2462 886 2522 ad
926 2463 1124 2536 populorum

106 2556 219 2602 mores
251 2542 443 2619 animosque
474 2541 601 2603 facilius
624 2541 897 2617 corrumpendos,
925 2540 967 2601 ad
994 2541 1124 2602 indiffe-

105 2622 256 2683 rentismi
277 2626 406 2699 pestem
427 2621 687 2699 propagandam.
710 2620 817 2700 (Prop.
840 2620 904 2698 79.)

106 2784 138 2832 ll.
154 2783 191 2833 De
216 2786 285 2833 statu
299 2790 404 2834 externo
422 2784 589 2847 pactionibus,
605 2800 658 2845 seu,
673 2790 702 2833 ut
715 2784 798 2841 aiunt,
813 2786 984 2848 concordatis,
999 2787 1122 2835 stabilite.

144 2934 215 2995 307.
258 2970 296 2977 -—
340 2937 503 2996 Hactenus
547 2954 587 2997 ex
626 2939 698 3014 ipsa
734 2942 851 2997 natura
892 2939 1046 3001 Ecclesiae
1089 2948 1123 3003 et

102 3014 270 3075 societatis
283 3014 393 3085 civilis,
405 3023 536 3078 mutuas
551 3021 634 3079 inter
646 3022 821 3094 utramque
832 3020 1023 3081 societatem
1035 3023 1121 3082 rela-

103 3096 212 3155 tiones
244 3094 546 3161 determinavimus,
579 3113 640 3157 seu
671 3102 791 3157 statum
814 3109 987 3159 externum
1014 3103 1119 3162 socie·

105 3176 178 3233 tatis
211 3174 369 3251 religiose
402 3176 618 3236 ostendimus.
652 3176 718 3237 Sed
748 3178 871 3239 nemini
902 3178 1038 3239 dubium
1071 3187 1122 3241 est
1219 3206 1222 3209 ⁴

103 3253 184 3329 quin
214 3254 332 3313 limites
364 3255 502 3334 alicujus
533 3257 704 3331 potestatis
736 3257 863 3318 dilatari
893 3260 945 3319 vel
974 3264 1121 3323 contrahi

102 3334 244 3410 possint,
268 3334 384 3393 saltem
405 3334 515 3412 quoad
535 3336 738 3406 exercitium,
765 3354 806 3397 ex
827 3339 990 3414 aliquibus
1008 3338 1118 3412 factis;

18 3456 19 3461 η
102 3411 1121 3498 porroprincipesnonraroEcclesiaeexercitiumjuriumquae

103 3492 148 3551 illi
163 3492 316 3553 divinitus
333 3492 452 3554 donata
463 3498 550 3564 sunt,
564 3512 630 3555 non
641 3497 857 3572 reliquerunt,
869 3498 947 3558 licet
957 3515 1024 3559 non
1035 3517 1120 3561 sem·

104 3588 165 3648 per
181 3570 311 3632 exodio
326 3571 414 3644 fidei,
431 3573 491 3635 sed
502 3575 704 3653 quandoque
715 3592 756 3635 ex
770 3576 932 3656 zelotypia
942 3583 1118 3641 auctorita·

18 3654 20 3701 t
106 3653 157 3715 tis.
182 3651 258 3714 Inde
279 3655 384 3714 status
404 3654 492 3728 belli,
518 3658 570 3717 cui
600 3656 727 3719 mederi
747 3672 815 3717 non
845 3658 951 3734 potuit
971 3663 1119 3738 potestas
