2642 4250
591 709 861 787 HISTORIAE

324 917 1128 1100 PHILOSOPHIAE

565 1230 882 1345 sibilans

256 1604 355 1681 Origo
378 1602 588 1681 philosophia
603 1607 715 1679 potest
737 1602 937 1664 considerari
953 1606 1064 1682 quoad
1079 1609 1229 1673 ordinem

218 1684 441 1762 possibilitatis
461 1687 494 1742 et
515 1682 626 1760 quoad
647 1682 798 1743 ordinem
819 1685 943 1743 realem
969 1691 1002 1745 et
1025 1689 1227 1754 historicum.

259 1768 288 1826 l⁰
302 1764 334 1824 Si
349 1763 391 1824 de
408 1764 534 1840 origine
545 1761 689 1840 juridica
705 1778 839 1840 quaeras
856 1761 949 1826 facile
964 1769 1112 1842 reperies
1127 1774 1228 1832 ratio·
1301 1831 1302 1836 ,

215 1861 294 1906 nem
313 1844 500 1916 humanam,
526 1857 612 1920 quse,
636 1857 704 1902 non
728 1858 825 1902 secus
845 1859 881 1902 ac
896 1860 948 1903 res
970 1863 1099 1920 ornnes,
1128 1849 1227 1911 adse
1301 1843 1302 1906 l

215 1921 451 2001 perficiendam
472 1922 660 1983 necessario
686 1922 809 1994 nititur,
831 1939 897 1982 non
920 1940 1018 2000 posse
1049 1928 1104 1987 diu
1127 1945 1227 2009 agere

215 2009 295 2082 quin
317 2002 480 2063 adrerum
494 2002 641 2063 notitiam
655 2002 761 2079 magis
778 2018 816 2062 ac
830 2004 935 2079 magis
950 2003 1145 2083 perfectam,
1167 2025 1228 2070 seu

214 2083 258 2146 ad
272 2100 386 2146 earum
401 2082 624 2162 cognitionem
637 2098 699 2159 per
714 2097 829 2143 causas
852 2081 1006 2145 deveniat
1023 2103 1030 2145 ε
1048 2087 1111 2149 hoo
1125 2088 1225 2153 modo

214 2168 374 2243 speciata,
404 2163 610 2240 philosophia
636 2163 816 2222 haberetur
837 2168 875 2223 ut
899 2167 1055 2228 naturahs
1083 2170 1226 2232 evolutio

213 2245 350 2307 rationis
371 2242 520 2303 humana
539 2242 648 2303 multis
667 2241 823 2320 gradibus
845 2244 1055 2307 ascendentis
1075 2264 1094 2307 a
1115 2264 1227 2311 rerum

214 2325 417 2386 sensibilium
439 2324 628 2401 cognitione
651 2320 694 2381 ad
714 2322 907 2385 earumdem
922 2341 1038 2387 causas
1059 2330 1228 2401 proximas

215 2412 246 2467 ei
260 2407 419 2473 remotas;
443 2402 650 2480 philosophia
673 2417 764 2479 ergo,
790 2404 916 2464 etiarnsi
930 2404 1028 2467 homo
1044 2408 1105 2470 sibi
1129 2408 1226 2470 dere-

213 2486 308 2545 lictus
335 2483 461 2556 fuisset,
492 2481 550 2542 diu
575 2480 756 2543 desiderari
783 2499 850 2543 non
879 2486 1056 2560 potuisset;
1085 2491 1117 2547 et
1142 2488 1228 2550 hanc

214 2568 386 2625 veritatem
407 2578 532 2640 negare
546 2561 635 2622 idem
651 2565 703 2621 est
724 2577 762 2621 ac
777 2562 911 2624 inficiari
926 2568 1088 2627 rationem
1106 2567 1228 2630 burna·

213 2661 290 2703 nam
312 2659 385 2704 esse
409 2644 475 2705 vim
499 2641 674 2719 quamdam
697 2644 881 2703 naturalem
895 2642 937 2703 ad
953 2647 1227 2723 cognoscendum
1300 2714 1301 2721 χ

213 2723 408 2784 ordinatam.
1300 2742 1301 2775 t

251 2806 284 2863 2⁰
298 2804 331 2865 Si
345 2801 387 2862 de
401 2800 488 2862 facto
510 2800 581 2878 ipso
598 2814 793 2878 queramus,
816 2801 1018 2863 revelatione
1040 2808 1074 2865 et
1094 2806 1226 2867 ratione
1300 2812 1301 2873 l

213 2886 342 2945 constat
354 2884 496 2958 primum
510 2878 677 2940 hominem
703 2877 811 2941 divino
830 2879 992 2943 beneficio
1016 2883 1226 2963 philosophia
1300 2880 1301 2896 l

212 2964 365 3025 simulet
389 2960 552 3039 theologia
579 2959 743 3019 imbutum
768 2957 881 3020 fuisse.
913 2961 1002 3021 Deus
1026 2979 1094 3024 non
1118 2968 1227 3042 potuit

211 3046 353 3121 primurn
367 3040 535 3102 hominem
554 3052 621 3099 non
641 3039 805 3100 instruere
826 3040 1067 3119 cognitionibus
1090 3047 1161 3105 turn
1183 3047 1225 3107 ad

210 3123 377 3202 propriam
399 3117 649 3197 perfectionem,
677 3124 746 3179 turn
770 3119 813 3180 ad
836 3122 1032 3198 progeniem
1054 3125 1117 3186 rite
1142 3124 1225 3186 edo-

212 3205 353 3267 cendam
367 3199 579 3270 necessariis;
596 3197 658 3259 sed
672 3198 705 3258 in
720 3200 847 3261 ambitu
859 3200 987 3261 illarum
1000 3203 1227 3280 cognitionum

209 3282 436 3364 protoparenti
451 3279 714 3340 necessariorum
728 3276 771 3339 ad
785 3282 955 3358 proprium
976 3298 1097 3343 munus
1123 3286 1227 3360 patris

209 3359 440 3444 peragendum
455 3363 488 3421 et
502 3358 546 3419 ad
566 3357 667 3419 finem
681 3359 923 3439 attingendum,
942 3366 1225 3426 certocontinen·
1299 3380 1300 3387 ¹

212 3451 265 3506 tur
283 3441 432 3522 quadam
455 3440 608 3501 notiones
631 3438 880 3517 philosophicae.
904 3440 1068 3502 Praeterea
1090 3442 1227 3506 historia
1299 3478 1300 3513 t

26 3516 97 3600 {212²
137 3561 145 3569 -v
211 3521 422 3602 philosophia
442 3518 538 3580 nobis
562 3518 696 3579 exhibet
714 3519 748 3579 in
771 3523 958 3595 temporum
972 3522 1108 3583 exordio
1126 3522 1223 3587 disci·
1299 3518 1300 3583 t

210 3604 317 3682 plinas
343 3600 508 3662 naturales
531 3598 597 3675 ipsi
622 3598 795 3677 theologia
823 3601 993 3677 implexas,
1019 3602 1064 3663 ita
1093 3610 1129 3664 ut
1161 3605 1224 3668 sub

99 3747 101 3754 ,
122 3701 124 3706 ·
211 3683 315 3747 tutela
336 3678 546 3743 revelationis
569 3679 610 3740 ab
631 3678 722 3741 initio
744 3685 904 3759 appareat
923 3680 1141 3762 philosophia.
