2642 4250
460 297 564 340 merca
585 293 747 339 srncuns.
1046 279 1103 340 201

96 409 273 472 stnctiores
303 407 487 470 efficiuntur
516 414 650 486 propter
680 407 913 485 perfectiorem
945 410 1107 489 cujusque

96 490 333 567 obligationum
352 490 582 568 arguitionem.
601 492 714 566 ltaque
730 487 844 550 officiis
859 493 990 550 mutue
1003 491 1107 552 bene·

93 568 230 630 ficentiae
246 573 401 630 tenentur
415 585 531 630 omnes
546 576 680 647 gentes
698 569 768 628 sine
786 573 894 630 tamen
911 567 1109 632 detrimento

95 649 218 727 proprii
240 649 318 710 boni
334 652 536 726 propriaeque
554 648 729 710 felicitatis.
755 650 824 710 Haec
846 647 952 710 officia
975 648 1017 710 ad
1046 666 1106 728 ge-

95 743 157 791 nus
171 726 352 790 officiorum
376 731 639 804 imperfectorum
657 733 864 799 revocantur,
890 745 961 806 que
982 745 1104 806 nempe

96 809 255 884 postulari
282 815 432 885 possunt,
469 808 530 869 sed
559 810 646 887 exigi
674 814 848 886 nequeunt
871 828 878 868 :
899 814 933 869 at
953 809 1105 884 iniuriam

95 889 227 967 proprie
243 887 364 949 dictam
385 887 473 954 facit,
497 889 552 965 qui
566 889 804 965 impedimenta
823 889 915 966 ponit
936 905 979 948 ne
999 889 1108 967 aliqua

95 970 184 1029 natio
198 984 293 1029 suam
309 966 546 1045 perfectionem
570 969 722 1046 vlresque
737 970 771 1030 in
791 969 831 1028 iis
856 985 925 1047 que
943 968 1011 1049 juri
1026 986 1102 1046 per-

96 1046 182 1110 fecto
205 1050 344 1108 aliorum
364 1065 432 1110 non
447 1048 635 1123 detrahunt,
653 1053 787 1122 augeat.
930 1064 932 1068 ·

234 1179 265 1229 ll.
280 1177 367 1230 Officia
377 1184 403 1228 et
414 1178 473 1243 jura
489 1193 520 1228 ex
531 1179 612 1245 pactis
625 1180 768 1245 praesertim
782 1178 950 1244 emergentia.

132 1287 204 1350 338.
227 1323 268 1334 -—
297 1291 318 1349 l.
343 1291 590 1359 commercium,
614 1288 832 1350 intermedia
853 1303 927 1368 quae
951 1288 993 1350 ad
1016 1305 1109 1350 com-

94 1367 286 1430 modum-et
307 1368 552 1447 jucunditatem
575 1371 748 1430 nationum
772 1368 955 1445 proficiunt,
988 1369 1106 1450 praeci-

95 1465 198 1525 puum
232 1449 342 1509 locum
371 1454 526 1520 meretur,
552 1454 654 1527 atque
683 1449 867 1529 generatim
892 1450 926 1510 in
955 1447 1108 1525 amende,

96 1527 274 1589 vendendo
297 1534 330 1589 et
345 1527 564 1604 permutando
591 1545 646 1590 res
668 1546 705 1589 ac
727 1531 897 1605 pecunias
927 1529 1024 1612 situm
1048 1532 1108 1589 est.

97 1608 179 1669 Cum
202 1608 311 1685 aliqua
333 1611 422 1671 natio
449 1607 646 1685 quibusdam
674 1609 776 1670 rebus
800 1607 949 1686 indigeat
971 1605 1108 1687 quarum

98 1688 201 1748 altera
218 1691 346 1764 copiam
358 1687 618 1764 superfluentem
631 1689 742 1756 habet,
758 1687 840 1749 fitut
853 1693 970 1750 natura
981 1690 1051 1765 ipsa
1066 1689 1109 1750 ad

97 1772 250 1828 mutuum
270 1769 503 1830 commercium
524 1769 676 1830 nationes
704 1768 848 1840 ordinet;
873 1769 985 1829 exilio
1009 1769 1108 1829 etiam

96 1847 158 1909 hoc
173 1849 312 1908 altemm
338 1848 470 1924 profluit
492 1849 765 1921 emolumentum,
793 1847 882 1925 quod
905 1864 946 1908 ex
972 1845 1109 1924 pacifica

96 1927 150 1987 illa
162 1927 320 1987 mixtione
335 1929 497 2007 gentium,
513 1929 660 1989 scientiae
676 1945 714 1989 ac
739 1933 826 1989 artes
849 1929 882 1990 in
906 1943 1107 2007 unaquaque

97 2005 346 2083 amplificentur,
371 2013 402 2069 et
416 2009 532 2088 imores
556 2008 599 2069 ad
619 2009 792 2070 lenitatem
813 2008 917 2087 magis
940 2024 977 2068 ao
998 2008 1104 2087 magis

96 2085 340 2166 propendeant.

133 2167 223 2229 Licet
234 2171 386 2229 nationes
395 2168 426 2227 vi
437 2175 560 2230 naturae
574 2167 617 2228 ad
631 2168 893 2249 negotiationem
905 2173 938 2229 et
948 2183 1107 2229 commer-

96 2243 183 2307 cium
213 2245 423 2319 inducantur,
457 2250 546 2310 nulla
576 2253 688 2309 tamen
719 2264 804 2327 gens
833 2245 938 2310 officio
975 2250 1107 2323 proprie

95 2323 195 2399 dicto,
218 2343 279 2387 seu
294 2329 448 2402 perfecto.
465 2329 630 2409 obligatur
650 2327 693 2388 ad
712 2329 958 2407 negotiationes
980 2326 1105 2390 facien-

95 2402 153 2465 das
169 2422 244 2466 curn
267 2407 369 2468 altera
385 2410 531 2476 natione,
557 2408 617 2468 nisi
642 2412 753 2469 tamen
767 2409 829 2469 ista
850 2408 883 2467 in
900 2423 980 2468 casu
994 2411 1103 2471 extre-

93 2501 152 2545 mae
192 2486 400 2546 necessitatis
441 2492 639 2559 versaretur,
681 2490 758 2566 quia
792 2488 992 2567 obligatione
1035 2502 1106 2565 que

92 2563 216 2625 homini
233 2566 351 2643 cuique
372 2566 533 2628 incumbit
548 2567 768 2628 subveniendi
789 2569 937 2644 proximo
960 2568 994 2627 in
1018 2581 1104 2627 sum-

92 2659 143 2704 mo
158 2647 231 2706 vitae
246 2645 433 2706 discrimine
455 2648 573 2723 posito,
589 2646 615 2707 si
630 2647 663 2707 id
677 2644 749 2708 fieri
763 2645 873 2725 potest
888 2648 958 2707 sine
973 2649 1104 2725 proprio

93 2722 304 2793 detrimento,
321 2726 464 2802 ligantur
478 2728 577 2788 etiam
590 2728 754 2788 nationes.

131 2804 260 2881 ltaque,
286 2807 315 2866 1⁰
334 2806 420 2865 nulla
443 2808 531 2868 natio
555 2807 629 2885 cogi
654 2809 834 2882 potestat
859 2807 991 2867 alterius
1013 2822 1103 2866 com-

89 2887 250 2947 mercium
274 2884 434 2958 admittat‚
456 2901 578 2963 resque
601 2886 720 2963 quibus
742 2885 896 2954 abundat,
914 2886 1008 2947 alteri
1021 2901 1101 2946 ven-

90 2961 160 3033 dat,
181 2964 245 3025 nisi
258 2964 326 3025 baec
346 2981 468 3042 magna
491 2965 674 3043 indigentia
698 2970 731 3026 et
752 2966 950 3027 necessitate
971 2965 1100 3027 laboret

89 3058 195 3120 seque
218 3044 312 3104 aliter
331 3044 530 3108 incolumem
547 3060 678 3106 servare
701 3049 858 3123 nequeat.

128 3124 162 3183 2⁰
194 3126 252 3184 lus
282 3123 567 3200 proprie'dictum
596 3122 638 3185 ad
668 3126 904 3186 commercium
933 3140 1008 3185 cum
1040 3124 1103 3186 alia

88 3205 222 3264 natione
238 3203 461 3265 exercendum
474 3204 656 3282 acquiritur
670 3206 740 3265 sola
754 3205 920 3281 pactione,
936 3221 1006 3282 quae
1023 3220 1103 3265 con·

91 3278 234 3342 ditiones
248 3284 383 3343 istarum
404 3285 666 3362 negotiationum
682 3283 892 3346 determinat.

126 3362 159 3423 3⁰
178 3363 237 3423 lus
258 3363 369 3440 itaque
388 3370 515 3425 naturae
540 3363 675 3426 tederet
702 3365 811 3442 aliqua
832 3362 932 3429 natio.
955 3380 1025 3440 quae
1047 3367 1103 3423 aul

89 3446 273 3503 mercatum
295 3442 382 3504 inter
403 3444 485 3505 duas
515 3446 667 3505 nationes
702 3443 863 3520 impedire
888 3443 999 3517 vellet,
1032 3446 1099 3515 aut,

87 3521 214 3582 secluso
254 3528 347 3599 pacto
370 3524 490 3595 sociali,
515 3524 577 3585 sibi
598 3522 777 3585 vindicaret
797 3523 985 3585 facultatem
1009 3537 1099 3584 exer-

87 3602 182 3663 cendi
197 3604 423 3664 commercium
439 3609 497 3665 aut
512 3604 577 3665 tale
591 3619 699 3685 genus
711 3609 978 3675 mercaturarum,
992 3603 1097 3665 exclu-

88 3680 133 3742 sis
145 3680 218 3743 aliis
231 3682 433 3745 nationibus.
