2642 4250
463 304 567 346 amica
588 300 746 345 sauciatis.
1061 281 1119 342 197

80 417 192 493 quod
222 418 370 495 gentium
402 419 549 478 omnium
580 422 638 478 aut
658 418 837 477 multarum
858 415 1028 476 voluntate
1049 417 1116 476 vim

78 496 268 576 obligandi
300 498 438 573 accepit.
464 500 623 558 »Tamen
654 495 812 558 fatetur«
837 501 927 556 extra
943 496 1001 573 jus
1021 500 1116 555 natu-

77 577 178 645 rale,
211 576 302 654 quod
339 579 446 653 ipsum
483 594 617 654 quoque
651 579 799 654 gentium
832 576 895 637 dici
931 576 1026 638 solet.
1062 577 1117 637 vix

77 657 201 718 ullum
235 658 292 736 jus
326 657 463 733 reperiri
498 658 651 720 omnibus
689 657 845 730 gentibus
877 671 1051 716 commune
1086 680 1113 716 ι.

78 737 225 816 ltaque,
250 753 291 796 ex
311 738 460 798 secunda
475 745 507 798 et
522 739 616 797 tertia
638 739 802 798 sententia
825 736 867 797 ad
888 751 989 795 unam
1010 735 1116 812 magis

81 817 307 892 complexam
327 817 483 886 redactis,
493 817 648 878 -nabetur
668 815 797 892 plenior
818 821 851 876 et
872 818 979 875 verior
1001 812 1114 875 defini-

80 895 153 970 tio,
176 913 254 956 nam
283 912 320 956 co
356 899 506 958 mortibus
535 899 680 972 gentium
708 897 853 957 moribus
873 896 1038 958 inducitur
1056 897 1116 970 J'us

80 977 189 1047 illud,
214 976 288 1035 insti
347 983 388 1036 ele
406 983 540 1037 natura.

134 1057 169 1116 4⁰
189 1057 256 1115 Nos
314 1110 318 1117 ,
350 1073 492 1132 praesens
510 1057 566 1134 jus
587 1057 737 1135 gentium
769 1054 1025 1122 consideramus,
1046 1069 1115 1114 non

80 1140 130 1195 ut
154 1141 247 1196 contr
294 1137 513 1215 retinguitura
529 1137 606 1214 jure
628 1135 779 1204 naturali,
800 1151 911 1211 neque
934 1133 1115 1194 universim

82 1231 157 1278 seu
178 1216 292 1292 quoad
313 1221 421 1277 omnia
451 1222 620 1292 praecepta
650 1215 770 1292 quibus
794 1218 931 1282 constat,
962 1213 1023 1274 sed
1045 1219 1114 1272 tan-

85 1299 166 1355 tum
200 1295 311 1373 quoad
341 1296 394 1357 illa
428 1313 499 1373 quae
538 1295 792 1357 fundamentum
823 1296 976 1372 praebent
1006 1292 1114 1353 ordini

82 1375 352 1446 intemationali3
386 1375 613 1452 quamobrem,
645 1393 706 1452 per
732 1375 788 1452 jus
809 1375 970 1450 gentium,
997 1375 1031 1432 iu
1051 1373 1113 1433 hac

84 1455 298 1528 tractatione,
334 1458 424 1517 venit
452 1460 580 1516 tantum
610 1455 667 1533 jus
702 1454 963 1525 internalionale,
1001 1450 1114 1530 quoad

84 1534 164 1594 illas
195 1535 290 1613 leges
320 1553 391 1614 quae
420 1533 675 1596 fundamentum
703 1535 824 1596 habent
854 1534 885 1594 in
918 1539 1047 1601 natura,
1080 1537 1113 1592 et

87 1615 325 1675 communibus
365 1618 512 1676 omniurn
543 1618 693 1693 gentium
731 1614 877 1675 moribus
912 1611 1109 1673 inferuntur.

86 1696 210 1772 Agitur
232 1711 311 1772 ergo
335 1695 377 1756 de
390 1693 468 1773 jure
487 1694 741 1764 internetionali,
764 1709 831 1754 non
854 1692 990 1770 quidem
1011 1693 1113 1769 pacti-

88 1777 136 1835 lio
159 1773 222 1835 sed
252 1772 500 1835 fundamentaii.
524 1775 623 1834 Porro
652 1773 732 1836 ordo
755 1773 1015 1835 intemationalis
1040 1771 1114 1832 fun-

89 1852 288 1914 damentum
308 1855 410 1914 habet
430 1857 464 1914 in
485 1857 556 1930 ipsa
577 1859 717 1915 natura:
734 1854 886 1914 homines
909 1853 993 1913 enim
1015 1854 1114 1914 ratio-

87 1949 134 1994 ne
156 1940 281 1995 naturae
298 1938 481 1995 communis
497 1939 529 1994 et
542 1939 728 1995 mutuorum
744 1931 926 1995 officiorum
947 1934 978 1992 vi
999 1933 1113 1993 huma·

86 2013 201 2075 nitatis
232 2015 483 2092 emergentium,
508 2014 649 2075 invicem
672 2013 873 2080 ordinantur,
913 2014 992 2090 quin
1025 2013 1113 2073 ullus

86 2092 186 2154 limes
206 2093 320 2155 localis
341 2092 501 2173 assignari
521 2094 625 2170 possit
638 2095 773 2155 istarum
794 2093 1001 2154 relationum.
1024 2091 1113 2155 Prin-

89 2176 214 2250 cipium
235 2175 393 2250 generale
418 2194 425 2235 ε
452 2197 465 2226 ‹
496 2175 626 2233 Nemini
645 2191 771 2243 nocere,
796 2176 907 2247 secere
934 2176 1068 2245 bouum,
1094 2197 1107 2226 ι

86 2254 187 2315 nullis
217 2254 375 2316 limitibus
414 2254 704 2315 circumscribitur.
740 2255 851 2330 ltaque
875 2258 1007 2329 gentes,
1040 2268 1112 2330 quae

85 2334 275 2395 hominibus
297 2333 455 2410 peculiari
482 2335 612 2395 vinculo
638 2336 779 2395 invicem
802 2333 911 2409 ligatis
945 2337 1109 2402 constant,

85 2419 187 2489 atque
219 2430 380 2490 personas
411 2414 553 2473 morales
585 2412 767 2482 efformant,
790 2410 894 2474 officia
918 2417 951 2473 et
969 2415 1044 2489 ‚iura
1068 2412 1111 2474 ad

84 2492 227 2553 invicem
249 2496 290 2555 ab
312 2494 382 2571 ipsa
406 2500 520 2554 natura
543 2494 735 2555 sortiuntur.
759 2494 928 2563 Praeterea‚
952 2493 1111 2558 Ecclesia.

86 2589 158 2649 quae
181 2580 231 2634 est
251 2574 393 2634 societas
424 2578 541 2634 natura
572 2591 631 2634 sua
653 2573 860 2639 universalis,
880 2573 952 2652 jam
970 2571 1110 2649 positive

82 2657 206 2730 gentes
221 2661 331 2714 movet
346 2653 388 2713 ad
402 2656 593 2714 societatem
610 2652 899 2715 internetionalem
914 2651 1110 2720 ineundam,

84 2737 120 2793 et
151 2730 289 2811 formam
334 2732 543 2793 essentialem
586 2734 687 2810 hujus
732 2732 909 2803 societatis
954 2736 1109 2793 naturam

79 2811 208 2890 jurium
229 2818 263 2872 et
286 2810 469 2874 officiorum
499 2813 619 2890 quihus
659 2817 775 2890 gentes
805 2815 892 2874 inter
924 2828 960 2871 se
993 2810 1109 2881 devm

84 2895 228 2963 ciuntur,
245 2898 363 2969 suopte
378 2892 509 2971 ingenio
524 2893 637 2953 innuit.

123 2975 270 3049 Agamus
294 2974 322 3034 1ο
344 2972 386 3033 de
399 2974 522 3033 mutuis
536 2971 650 3035 officiis
674 2976 707 3032 et
724 2971 855 3051 juribus
876 2975 1048 3032 nationum
1071 2972 1107 3032 in

11 3086 15 3092 -
82 3056 171 3112 statu
192 3052 301 3113 nativo
324 3069 363 3112 ac
383 3053 521 3113 normali
547 3069 608 3113 seu
629 3055 741 3129 quieto
770 3068 808 3112 ac
830 3050 985 3127 pacifi003
1008 3052 1041 3111 2⁰
1063 3049 1107 3113 de

9 3171 14 3184 .
81 3133 204 3192 mutuis
226 3130 340 3193 officiis
362 3137 395 3192 et
411 3132 542 3209 juribus
564 3135 598 3193 in
620 3137 707 3192 statu
723 3131 907 3210 conflictus.

11 3252 15 3330 ξ
81 3266 98 3329 ἓ
111 3265 132 3319 Ι.
156 3291 191 3305 -
204 3266 245 3318 De
259 3264 371 3320 mutuis
384 3263 489 3319 officiis
504 3267 534 3319 et
545 3264 665 3329 juribus
680 3265 833 3319 nationum
852 3264 882 3319 in
898 3264 980 3319 statu
999 3261 1104 3317 nativo

12 3455 16 3524 l

375 3348 429 3390 seu
444 3335 570 3408 normali
586 3338 799 3405 spectatarum.

123 3450 194 3511 327.
219 3483 258 3492 —
279 3450 347 3511 Etsi
362 3450 439 3528 jura
461 3455 494 3511 et
514 3449 620 3511 olficia
642 3450 809 3512 nationum
834 3466 875 3512 ex
896 3450 968 3526 ipsa
989 3453 1108 3510 natura

85 3534 270 3607 emergant,
293 3535 402 3589 tamen
424 3530 540 3590 horum
555 3531 682 3607 jurium
704 3533 737 3590 et
757 3528 935 3592 officiorum
959 3530 1102 3604 applica-

12 3613 14 3700 ᾗ
80 3607 202 3670 lionam
223 3613 256 3670 et
271 3610 500 3671 extensionem
514 3616 633 3671 natura
647 3626 715 3670 non
730 3625 865 3686 semper
886 3608 1101 3679 determinat

13 3739 16 3820 l

13 3711 14 3732 ¹
82 3687 173 3763 inde,
195 3690 230 3750 in
254 3688 332 3768 jure
353 3690 504 3769 gentium
524 3690 591 3751 late
620 3692 782 3766 spectato,
807 3688 874 3751 duo
896 3694 973 3751 suut
996 3688 1106 3751 distin-
