2642 4250
236 309 292 370 180
538 327 717 370 unariunun
738 327 939 371 eiittosoenna

230 457 376 518 cumque
398 442 549 513 hominis,
574 457 649 518 quae
679 447 730 502 est
760 443 937 504 sacrarium
969 444 1237 519 intemerandum‚

234 521 399 599 siquidem
422 521 453 580 id
477 538 573 582 omne
596 522 686 598 quud
708 525 758 581 est
773 527 885 583 contra
907 526 1151 594 conscientiam,
1167 542 1238 602 pec-

232 607 341 662 catum
374 606 434 662 est.
460 605 552 675 nesp.
587 604 624 663 Et
650 601 692 661 de
716 600 802 664 facto
833 603 943 664 nullus
971 604 1070 664 horno
1094 616 1234 680 unquam

232 683 339 757 potuit
359 681 423 742 vim
438 680 556 742 inferre
581 683 790 742 conscientian
810 683 941 758 proprie
963 683 1072 754 dictae,
1095 699 1154 743 seu
1172 692 1239 745 cui·

234 763 309 822 dam
331 762 513 836 operationi
537 762 682 834 internae,
706 778 810 834 conc.;
832 777 929 822 nemo
952 766 1063 839 potest
1084 763 1237 839 impedire

164 866 166 870 ¹
233 842 313 919 quin
330 842 531 901 conscientia
548 856 688 902 erronea
699 841 802 902 libere
817 851 967 919 erumpat
981 843 1017 900 in
1031 846 1123 901 actus
1135 849 1236 905 exter·

231 936 295 982 nos
311 925 345 979 et
360 921 508 997 publicos
530 919 618 981 falsis
641 911 893 999 cogitationibus
909 938 948 982 ac
973 922 1136 996 perversis
1157 922 1238 1003 dog-

231 1001 374 1060 matibus
390 1007 642 1073 consentaneos,
665 1001 729 1060 imo
747 1002 856 1062 nullus
879 1002 989 1078 potest
1008 1004 1236 1064 conscientiam

231 1095 404 1142 erroneam
426 1079 468 1141 ad
488 1081 632 1142 veritatis
655 1082 817 1141 tramitem
840 1080 1014 1150 reducere,
1044 1098 1115 1156 nep.
1145 1082 1237 1144 Certo

228 1163 376 1237 potestas
398 1160 529 1236 publica
547 1161 604 1239 jus
625 1160 725 1220 habet
745 1159 951 1236 impediendi
974 1165 1067 1220 actus
1090 1167 1237 1224 externos

231 1244 264 1299 et
279 1241 429 1315 publicos
445 1241 500 1317 qui
522 1240 609 1300 bono
634 1242 799 1299 communi
824 1238 982 1309 officiunt,
1006 1245 1039 1299 et
1053 1238 1096 1299 ad
1117 1249 1235 1302 rectam

228 1321 342 1398 legum
366 1319 548 1380 divinarum
574 1329 606 1380 et
632 1320 850 1379 humanarum
875 1322 1106 1381 executionem
1126 1319 1238 1388 ‚devios

229 1415 363 1477 cogere.
386 1399 548 1460 Praeterea
571 1400 763 1476 aequitatem
785 1398 933 1475 profecto
955 1415 1022 1459 non
1043 1401 1142 1462 violat
1160 1417 1236 1461 auc-

231 1480 345 1540 toritas
381 1479 459 1538 dum
491 1481 578 1539 hono
611 1479 751 1555 alicujus
778 1479 919 1541 hominis
951 1481 1119 1556 prospicit,
1150 1480 1238 1542 illum

229 1558 380 1620 acuendo
414 1564 448 1618 et
468 1559 710 1635 quadamtenus
738 1557 904 1637 adigendo
934 1557 977 1617 ad
1008 1559 1238 1620 conscientiam

229 1653 402 1698 erroneam
430 1636 675 1716 deponendam,
698 1644 754 1698 aut
775 1640 893 1699 saltem
919 1637 1132 1714 impediendo
1160 1642 1236 1716 quin

228 1719 354 1779 actibus
375 1722 523 1794 repetitis
555 1723 589 1778 et
616 1718 756 1794 puhlicis
787 1719 832 1780 illi
868 1717 987 1778 callum
1017 1717 1173 1790 obducat,
1206 1726 1237 1780 et

207 1844 209 1850 .
226 1800 404 1874 praesertim
418 1799 499 1859 alios
524 1798 611 1860 cives
633 1797 675 1857 ad
689 1813 827 1874 pravum
842 1813 938 1858 suum
960 1812 1107 1856 errorem
1124 1799 1234 1859 trahat.

226 1879 414 1938 Generatim
450 1895 529 1954 ergo
565 1875 684 1938 suflicit
711 1876 974 1937 animadvertere
1004 1877 1236 1938 conscientiam

224 1963 350 2019 rectam
365 1973 438 2017 esse
455 1958 559 2017 solam
574 1973 635 2034 per
648 1973 685 2018 se
700 1958 849 2035 regulam
864 1957 1081 2035 subjectivam
1096 1973 1233 2030 morum,

224 2054 292 2097 non
325 2042 436 2097 autem
467 2039 699 2099 conscientiam
732 2052 916 2107 erroneam,
940 2036 1016 2096 licet
1043 2036 1232 2113 ingenuam,

223 2134 284 2179 seu
307 2133 549 2195 quamcumque
572 2117 789 2195 subJeclivam
813 2119 1058 2193 persuasionem
1081 2116 1176 2196 (134).

262 2199 295 2259 3ο
316 2200 414 2258 Actus
435 2195 513 2257 fidei
537 2197 732 2275 theologicae
748 2203 799 2257 est
819 2202 912 2256 actus
927 2196 1019 2257 liber.
1036 2198 1121 2274 Ergo
1138 2214 1233 2259 nemo

222 2283 333 2353 potest
361 2276 522 2353 impedire
552 2276 792 2353 professionem
821 2274 900 2337 fidei
930 2292 991 2335 seu
1013 2279 1235 2351 persuasionis

221 2360 356 2419 interna
372 2358 457 2416 circa
478 2373 532 2417 res
552 2355 641 2418 fidei.
658 2359 739 2417 Dist.
768 2361 834 2416 ant.
850 2376 861 2415 .·
882 2361 974 2416 actus
990 2353 1068 2415 fidei
1091 2364 1141 2417 est
1150 2357 1234 2431 pty-

220 2440 284 2497 sice
305 2439 399 2508 liber,
424 2444 492 2497 tum
508 2435 618 2513 quoad
634 2436 836 2509 exercitium,
854 2439 923 2496 tum
938 2434 1048 2512 quoad
1062 2435 1233 2512 specifica·

221 2517 357 2588 tionem,
387 2533 448 2577 seu
478 2515 521 2577 ad
552 2516 643 2576 illum
666 2515 866 2578 eliciendum
894 2515 1058 2580 concurrit
1083 2516 1234 2576 voluntas
1292 2549 1294 2574 ,

220 2597 334 2664 libera,
352 2614 437 2657 coac.
461 2601 518 2667 ‚·et
537 2595 571 2656 id
593 2613 710 2658 verum
734 2599 784 2655 est
805 2597 873 2655 sive
896 2599 1013 2673 agatur
1034 2593 1076 2655 de
1098 2610 1175 2657 vero
1197 2612 1234 2656 ac

221 2678 353 2752 proprie
378 2675 466 2737 dicto
496 2681 572 2736 actu
595 2675 684 2746 fidei,
710 2675 778 2736 sive
802 2675 843 2735 de
876 2673 958 2735 falso
981 2691 1042 2736 seu
1063 2675 1235 2752 apparenti

220 2760 358 2816 tuntum.
382 2756 436 2815 Est
460 2760 551 2816 actus
573 2755 657 2817 liber
671 2756 704 2815 in
718 2756 781 2815 hoc
803 2770 905 2815 sensu
926 2755 1016 2830 quod
1038 2760 1131 2815 actus
1153 2754 1232 2816 sub·

216 2835 359 2913 jectivus
381 2834 467 2895 licite
488 2835 590 2912 possit
613 2851 688 2895 cum
702 2834 819 2914 regula
833 2834 996 2973 oigectiva
1010 2831 1089 2894 fidei
1102 2833 1233 2896 indiffe-

220 2920 332 2976 renter
347 2929 529 2976 consonare
545 2915 597 2976 vel
612 2916 651 2976 ab
676 2915 747 2991 ipsa
769 2912 861 2994 digre
889 2916 909 2986 i,
926 2932 995 2989 neq.
1010 2916 1123 2991 ltaque
1139 2919 1233 2975 actus

218 2995 368 3056 internus
389 2992 467 3055 fidei
489 2996 545 3071 qui
567 2993 693 3055 elicitur
715 2994 919 3067 acatholico,
945 3000 977 3055 et
1001 2998 1093 3054 actus
1117 3010 1233 3054 assen-

219 3078 348 3138 tationis
374 3075 508 3135 interne
532 3074 628 3135 alicui
652 3090 810 3150 perverso
838 3072 997 3153 dogmati,
1023 3090 1123 3151 quem
1146 3074 1234 3134 elicit

217 3156 399 3223 hereticus,
423 3161 501 3215 sunt
521 3160 613 3215 actus
633 3155 765 3229 physice
786 3153 893 3225 liberi,
916 3153 992 3213 ideo
1017 3155 1092 3230 quia
1117 3170 1232 3229 proce-

218 3235 301 3296 dunt
324 3252 342 3296 a
364 3234 468 3295 libera
503 3234 700 3295 voluntate:
727 3240 760 3293 et
789 3233 880 3293 nulla
911 3237 1058 3310 potestas
1089 3233 1233 3295 humana

216 3319 328 3393 potest
350 3314 481 3391 physice
511 3314 571 3374 hos
600 3317 693 3374 actus
726 3313 873 3374 internos
902 3311 1075 3389 impedire.
1108 3313 1173 3374 Sed
1201 3314 1232 3374 hi

217 3398 310 3457 actus
332 3410 398 3454 non
426 3398 503 3454 sunt
534 3394 630 3455 ambo
660 3393 756 3469 liberi
775 3395 810 3454 in
830 3392 893 3453 hoc
920 3408 1023 3454 sensu
1044 3393 1135 3470 quod
1166 3392 1232 3455 sint

216 3491 310 3553 aeque
325 3474 458 3534 licitiae
471 3473 614 3534 honesti.
630 3473 744 3551 ltaque
758 3472 848 3532 nulla
863 3476 1009 3549 poteslas
1023 3471 1108 3533 licite
1122 3473 1228 3551 impe·

218 3553 288 3615 dire
305 3556 415 3631 potest
437 3558 606 3614 externam
628 3552 927 3613 manifestationem
940 3568 1025 3613 vere
1044 3550 1141 3625 fidei3
1168 3554 1229 3615 sed

215 3633 365 3713 legitime
387 3636 421 3692 et
444 3632 652 3694 laudabiliter
667 3631 843 3710 impediret
864 3635 1032 3693 externam
1049 3630 1225 3709 professio·

215 3728 295 3775 nem
329 3728 494 3791 perversae
523 3712 688 3774 doctrinae.
721 3715 755 3774 ln
783 3712 888 3792 primo
925 3728 1003 3774 casu
1034 3714 1123 3775 Deus
1155 3715 1225 3791 ipse
