2642 4250
515 333 517 336 .
562 297 676 340 nanim.
936 270 940 276 ’
1106 280 1138 340 5·

106 421 208 466 suum
224 407 394 486 objectum
407 405 555 482 formale,
573 407 694 468 inutilis
709 407 807 484 plane
829 412 881 468 est
899 408 1032 468 humani
1052 425 1123 470 cor-

104 489 200 562 poris
219 488 360 566 analysis
381 493 413 548 et
435 488 606 565 quodlibet
631 488 896 564 experimentum
920 489 1094 567 physicum
1116 510 1123 551 :

105 581 186 626 nam
212 567 383 646 objectum
405 568 543 629 formale
568 569 685 628 illiricae
709 574 785 628 sunt
807 569 955 628 actiones
975 569 1127 630 humanae

107 651 277 722 quatenus
293 664 334 707 ex
347 649 516 708 voluntate
532 646 714 708 deliberata
734 647 921 723 procedunt
940 648 1126 710 secundum

105 727 260 804 regulam
276 745 416 787 morum.
433 728 531 788 Porro
548 730 706 800 actiones,
722 729 1042 804 desumptarum
1058 745 1128 788 cor·

104 809 199 880 poris
213 806 348 868 humani
368 808 612 880 constitutione,
633 807 693 868 sed
714 822 732 866 a
752 807 856 867 libera
874 807 1043 869 voluntate
1065 807 1124 870 de·

105 885 271 961 pendent.
297 887 506 966 Physiologia
529 886 640 948 forsan
669 887 823 947 ostendet
847 887 934 947 hunc
956 889 1125 950 hominem

105 979 178 1040 prae
195 967 258 1026 alio
275 966 317 1026 ad
331 967 535 1028 iracundiam
549 968 603 1028 vel
618 967 919 1043 concupiscentiam
933 968 1125 1029 inclinatum

107 1059 183 1104 esse
209 1065 216 1106 :
240 1045 301 1106 sed
321 1047 388 1107 haec
409 1046 576 1125 dispositio
596 1047 733 1125 physica
753 1045 795 1106 ad
818 1047 940 1106 lineam
963 1048 1124 1109 moralem

104 1139 174 1262 non
190 1129 331 1201 spectat,
352 1127 415 1186 nisi
433 1125 610 1188 accedente
633 1141 798 1187 consensu
816 1127 870 1187 vel
892 1126 1046 1188 dissensu
1062 1144 1120 1189 vo·

117 1208 254 1266 uniatis.
718 1244 721 1251 ,
1055 1210 1056 1213 ’
1129 1240 1132 1245 «

145 1284 308 1344 Remanet
336 1301 415 1363 ergo
443 1289 481 1346 ut
509 1284 756 1346 accidentaliter
788 1288 914 1344 tantum
950 1284 1122 1362 praedictae

103 1363 249 1425 scientiae
266 1365 417 1424 auxilium
433 1369 587 1440 praestent
605 1365 731 1435 morali,
755 1369 919 1440 quatenus
937 1368 1026 1426 varia
1047 1381 1119 1426 cor-

102 1444 195 1518 poris
211 1443 381 1520 dispositio
398 1451 431 1505 et
449 1449 744 1520 temperamentum
766 1445 985 1507 diversimode
1007 1445 1119 1521 dispo·

102 1527 189 1582 nuni
204 1523 248 1583 ad
262 1527 409 1584 actiones
423 1527 575 1586 morales.
593 1525 705 1600 ltaque
716 1523 758 1584 ad
769 1524 935 1602 objectum
951 1527 1131 1587 materiale.

104 1605 234 1662 tantum
249 1608 410 1679 spectant,
428 1611 461 1664 et
476 1604 611 1682 quidem
626 1603 883 1665 accidentaliter.
904 1605 1005 1683 igitur
1020 1621 1120 1680 quam

102 1681 250 1743 absurda
266 1688 299 1743 et
313 1699 466 1759 perversa
483 1687 521 1745 sit
537 1684 619 1744 ratio
635 1683 884 1760 philosophandi
897 1686 1117 1745 rationalista-

100 1778 175 1822 rum
191 1764 226 1822 in
241 1779 277 1822 re
294 1764 418 1836 morali,
434 1781 532 1826 nemo
550 1768 600 1823 est
615 1778 705 1823 sanae
719 1770 838 1826 mentis
851 1768 906 1842 qui
918 1781 984 1825 non
994 1766 1117 1827 videat,

141 1839 171 1920 c)
186 1843 313 1904 Rationi
329 1844 580 1920 philosophandi
596 1843 873 1905 rationalistarum
888 1847 1020 1906 omnino
1039 1861 1116 1905 con-

100 1922 222 1982 trarius
238 1927 288 1982 est
303 1939 395 1984 error
408 1923 681 1984 Traditionalismi
697 1926 753 1999 qui
762 1923 921 2000 principia
931 1926 1047 1984 Ethicae
1060 1941 1117 1985 na-

99 2002 216 2062 turalis
232 2002 272 2062 ab
290 2008 424 2064 externo
440 2004 628 2082 magisterio
641 2005 817 2075 societatis,
833 2021 897 2080 ope
908 2005 1117 2066 revelationis

100 2078 228 2153 divinae,
250 2083 348 2144 unice
368 2086 499 2158 repetit.
521 2084 787 2146 Traditionalistae
807 2099 886 2163 ergo
906 2101 974 2145 non
992 2086 1116 2146 liabent

95 2162 339 2223 revelationem
354 2180 392 2224 ac
405 2162 516 2235 fidem,
534 2170 570 2224 ut
586 2164 764 2242 quamdam
778 2165 929 2243 regulam
945 2170 1116 2226 externam

98 2245 133 2299 et
147 2242 367 2318 superiorem,
382 2248 420 2303 ut
432 2244 501 2306 vult
516 2259 596 2304 sana
613 2243 771 2315 doctrina,
787 2244 893 2305 sedut
902 2243 1028 2306 fontem
1042 2261 1114 2321 pro-

96 2320 208 2395 prium
234 2338 276 2382 ex
301 2338 366 2399 quo
391 2324 587 2385 hauriuntur
610 2324 770 2401 principia
793 2324 921 2387 Moralis
945 2324 1114 2397 naturalis

98 2416 170 2476 quae
186 2400 328 2478 proinde
344 2410 434 2465 esset
447 2404 584 2464 scientia
598 2404 755 2464 revelata.
