<?xml version="1.0" encoding="UTF-8"?>
<!DOCTYPE html PUBLIC "-//W3C//DTD XHTML 1.0 Transitional//EN"
    "http://www.w3.org/TR/xhtml1/DTD/xhtml1-transitional.dtd">
<html xmlns="http://www.w3.org/1999/xhtml" xml:lang="en" lang="en">
 <head>
  <title>
</title>
<meta http-equiv="Content-Type" content="text/html;charset=utf-8" />
  <meta name='ocr-system' content='tesseract 3.04.00' />
  <meta name='ocr-capabilities' content='ocr_page ocr_carea ocr_par ocr_line ocrx_word'/>
</head>
<body>
  <div class='ocr_page' id='page_1' title='image "./brevariumphilos00grangoog_0135.png"; bbox 0 0 2642 4250; ppageno 0'>
   <div class='ocr_carea' id='block_1_1' title="bbox 435 264 1080 326">
    <p class='ocr_par' dir='ltr' id='par_1_1' title="bbox 435 264 1080 326">
     <span class='ocr_line' id='line_1_1' title="bbox 435 264 1080 326; baseline 0.003 -2"><span class='ocrx_word' id='word_1_1' title='bbox 435 281 539 324; x_wconf 72' lang='lat' dir='ltr'>erutor</span> <span class='ocrx_word' id='word_1_2' title='bbox 559 279 715 324; x_wconf 67' lang='lat' dir='ltr'>sanctius.</span> <span class='ocrx_word' id='word_1_3' title='bbox 1022 264 1080 326; x_wconf 76' lang='lat'>123</span> 
     </span>
    </p>
   </div>
   <div class='ocr_carea' id='block_1_2' title="bbox 79 395 1080 1423">
    <p class='ocr_par' dir='ltr' id='par_1_2' title="bbox 79 395 1079 548">
     <span class='ocr_line' id='line_1_2' title="bbox 80 395 1079 477; baseline 0.001 -19"><span class='ocrx_word' id='word_1_4' title='bbox 80 401 188 458; x_wconf 89' lang='lat' dir='ltr'>santur.</span> <span class='ocrx_word' id='word_1_5' title='bbox 205 395 372 473; x_wconf 84' lang='lat' dir='ltr'>ltaquein</span> <span class='ocrx_word' id='word_1_6' title='bbox 394 396 554 458; x_wconf 90' lang='lat' dir='ltr'>electione</span> <span class='ocrx_word' id='word_1_7' title='bbox 575 402 680 458; x_wconf 90' lang='lat' dir='ltr'>status</span> <span class='ocrx_word' id='word_1_8' title='bbox 699 397 857 459; x_wconf 89' lang='lat' dir='ltr'>clericalis</span> <span class='ocrx_word' id='word_1_9' title='bbox 871 398 925 460; x_wconf 84' lang='lat' dir='ltr'>vel</span> <span class='ocrx_word' id='word_1_10' title='bbox 943 398 1079 477; x_wconf 86' lang='lat' dir='ltr'>religio-</span> 
     </span>
     <span class='ocr_line' id='line_1_3' title="bbox 79 476 598 548; baseline -0.004 -10"><span class='ocrx_word' id='word_1_11' title='bbox 79 477 129 548; x_wconf 86' lang='lat' dir='ltr'>nis,</span> <span class='ocrx_word' id='word_1_12' title='bbox 144 476 235 536; x_wconf 90' lang='lat' dir='ltr'>liberi</span> <span class='ocrx_word' id='word_1_13' title='bbox 252 481 343 539; x_wconf 86' lang='lat' dir='ltr'>certo</span> <span class='ocrx_word' id='word_1_14' title='bbox 360 492 427 539; x_wconf 92' lang='lat' dir='ltr'>non</span> <span class='ocrx_word' id='word_1_15' title='bbox 442 478 598 538; x_wconf 87' lang='lat' dir='ltr'>subsunt.</span> 
     </span>
    </p>

    <p class='ocr_par' dir='ltr' id='par_1_3' title="bbox 80 554 1080 1423">
     <span class='ocr_line' id='line_1_4' title="bbox 111 554 1077 634; baseline 0 -18"><span class='ocrx_word' id='word_1_16' title='bbox 111 554 157 616; x_wconf 86' lang='lat' dir='ltr'>Ad</span> <span class='ocrx_word' id='word_1_17' title='bbox 178 560 282 617; x_wconf 89' lang='lat' dir='ltr'>status</span> <span class='ocrx_word' id='word_1_18' title='bbox 297 556 372 616; x_wconf 86' lang='lat' dir='ltr'>vitae</span> <span class='ocrx_word' id='word_1_19' title='bbox 400 557 597 618; x_wconf 77' lang='lat' dir='ltr'>electionem</span> <span class='ocrx_word' id='word_1_20' title='bbox 621 559 806 634; x_wconf 84' lang='lat' dir='ltr'>generatim</span> <span class='ocrx_word' id='word_1_21' title='bbox 830 556 922 634; x_wconf 92' lang='lat' dir='ltr'>quod</span> <span class='ocrx_word' id='word_1_22' title='bbox 948 557 1077 627; x_wconf 75' lang='lat' dir='ltr'>attinet,</span> 
     </span>
     <span class='ocr_line' id='line_1_5' title="bbox 80 637 1077 714; baseline 0 -18"><span class='ocrx_word' id='word_1_23' title='bbox 80 640 236 713; x_wconf 88' lang='lat' dir='ltr'>parentum</span> <span class='ocrx_word' id='word_1_24' title='bbox 251 637 408 697; x_wconf 89' lang='lat' dir='ltr'>voluntati</span> <span class='ocrx_word' id='word_1_25' title='bbox 421 637 516 698; x_wconf 85' lang='lat' dir='ltr'>liberi</span> <span class='ocrx_word' id='word_1_26' title='bbox 531 653 598 697; x_wconf 88' lang='lat' dir='ltr'>non</span> <span class='ocrx_word' id='word_1_27' title='bbox 613 638 764 708; x_wconf 83' lang='lat' dir='ltr'>subsunt,</span> <span class='ocrx_word' id='word_1_28' title='bbox 781 637 859 714; x_wconf 91' lang='lat' dir='ltr'>quia</span> <span class='ocrx_word' id='word_1_29' title='bbox 874 639 941 698; x_wconf 86' lang='lat' dir='ltr'>baec</span> <span class='ocrx_word' id='word_1_30' title='bbox 961 637 1077 697; x_wconf 79' lang='lat' dir='ltr'>electio</span> 
     </span>
     <span class='ocr_line' id='line_1_6' title="bbox 81 714 1076 793; baseline 0 -17"><span class='ocrx_word' id='word_1_31' title='bbox 81 715 115 776; x_wconf 89' lang='lat' dir='ltr'>ad</span> <span class='ocrx_word' id='word_1_32' title='bbox 128 715 357 777; x_wconf 83' lang='lat' dir='ltr'>educationem</span> <span class='ocrx_word' id='word_1_33' title='bbox 376 721 432 778; x_wconf 91' lang='lat' dir='ltr'>aut</span> <span class='ocrx_word' id='word_1_34' title='bbox 449 714 606 777; x_wconf 85' lang='lat' dir='ltr'>familiam</span> <span class='ocrx_word' id='word_1_35' title='bbox 624 733 691 778; x_wconf 87' lang='lat' dir='ltr'>nen</span> <span class='ocrx_word' id='word_1_36' title='bbox 711 717 864 793; x_wconf 86' lang='lat' dir='ltr'>pertinet,</span> <span class='ocrx_word' id='word_1_37' title='bbox 882 716 943 777; x_wconf 87' lang='lat' dir='ltr'>sed</span> <span class='ocrx_word' id='word_1_38' title='bbox 962 733 1076 793; x_wconf 84' lang='lat' dir='ltr'>perso·</span> 
     </span>
     <span class='ocr_line' id='line_1_7' title="bbox 81 795 1075 874; baseline 0 -18"><span class='ocrx_word' id='word_1_39' title='bbox 81 812 145 856; x_wconf 89' lang='lat' dir='ltr'>nam</span> <span class='ocrx_word' id='word_1_40' title='bbox 158 795 258 871; x_wconf 90' lang='lat' dir='ltr'>ipsam</span> <span class='ocrx_word' id='word_1_41' title='bbox 275 797 427 874; x_wconf 83' lang='lat' dir='ltr'>eligentis</span> <span class='ocrx_word' id='word_1_42' title='bbox 443 800 477 856; x_wconf 89' lang='lat' dir='ltr'>et</span> <span class='ocrx_word' id='word_1_43' title='bbox 490 799 587 856; x_wconf 87' lang='lat' dir='ltr'>vitam</span> <span class='ocrx_word' id='word_1_44' title='bbox 603 797 643 857; x_wconf 91' lang='lat' dir='ltr'>ab</span> <span class='ocrx_word' id='word_1_45' title='bbox 660 813 700 856; x_wconf 92' lang='lat' dir='ltr'>eo</span> <span class='ocrx_word' id='word_1_46' title='bbox 715 797 748 857; x_wconf 91' lang='lat' dir='ltr'>in</span> <span class='ocrx_word' id='word_1_47' title='bbox 762 802 935 872; x_wconf 91' lang='lat' dir='ltr'>posterum</span> <span class='ocrx_word' id='word_1_48' title='bbox 950 795 1075 857; x_wconf 91' lang='lat' dir='ltr'>ducen-</span> 
     </span>
     <span class='ocr_line' id='line_1_8' title="bbox 83 873 1080 954; baseline 0.003 -18"><span class='ocrx_word' id='word_1_49' title='bbox 83 876 144 936; x_wconf 87' lang='lat' dir='ltr'>dam</span> <span class='ocrx_word' id='word_1_50' title='bbox 162 873 307 951; x_wconf 87' lang='lat' dir='ltr'>respicit;</span> <span class='ocrx_word' id='word_1_51' title='bbox 336 877 638 954; x_wconf 82' lang='lat' dir='ltr'>etiamsiageretur</span> <span class='ocrx_word' id='word_1_52' title='bbox 653 876 695 936; x_wconf 91' lang='lat' dir='ltr'>de</span> <span class='ocrx_word' id='word_1_53' title='bbox 715 874 825 954; x_wconf 87' lang='lat' dir='ltr'>aliqua</span> <span class='ocrx_word' id='word_1_54' title='bbox 845 883 914 937; x_wconf 88' lang='lat' dir='ltr'>arte</span> <span class='ocrx_word' id='word_1_55' title='bbox 929 877 983 937; x_wconf 87' lang='lat' dir='ltr'>vel</span> <span class='ocrx_word' id='word_1_56' title='bbox 1000 893 1080 952; x_wconf 87' lang='lat' dir='ltr'>pro-</span> 
     </span>
     <span class='ocr_line' id='line_1_9' title="bbox 81 953 1079 1034; baseline 0.001 -19"><span class='ocrx_word' id='word_1_57' title='bbox 81 953 222 1024; x_wconf 87' lang='lat' dir='ltr'>fessione,</span> <span class='ocrx_word' id='word_1_58' title='bbox 239 953 366 1034; x_wconf 89' lang='lat' dir='ltr'>(utique</span> <span class='ocrx_word' id='word_1_59' title='bbox 384 970 452 1016; x_wconf 92' lang='lat' dir='ltr'>non</span> <span class='ocrx_word' id='word_1_60' title='bbox 471 957 556 1016; x_wconf 91' lang='lat' dir='ltr'>mala</span> <span class='ocrx_word' id='word_1_61' title='bbox 575 972 639 1018; x_wconf 90' lang='lat' dir='ltr'>nec</span> <span class='ocrx_word' id='word_1_62' title='bbox 657 956 814 1019; x_wconf 88' lang='lat' dir='ltr'>indecora</span> <span class='ocrx_word' id='word_1_63' title='bbox 834 957 933 1016; x_wconf 89' lang='lat' dir='ltr'>etiam</span> <span class='ocrx_word' id='word_1_64' title='bbox 946 972 1079 1034; x_wconf 88' lang='lat' dir='ltr'>respec-</span> 
     </span>
     <span class='ocr_line' id='line_1_10' title="bbox 83 1035 1078 1114; baseline 0 -20"><span class='ocrx_word' id='word_1_65' title='bbox 83 1035 157 1111; x_wconf 86' lang='lat' dir='ltr'>tive),</span> <span class='ocrx_word' id='word_1_66' title='bbox 172 1040 327 1112; x_wconf 87' lang='lat' dir='ltr'>parentes</span> <span class='ocrx_word' id='word_1_67' title='bbox 343 1040 515 1113; x_wconf 91' lang='lat' dir='ltr'>nequeunt</span> <span class='ocrx_word' id='word_1_68' title='bbox 530 1051 652 1114; x_wconf 79' lang='lat' dir='ltr'>cogere</span> <span class='ocrx_word' id='word_1_69' title='bbox 667 1035 789 1096; x_wconf 86' lang='lat' dir='ltr'>liberos</span> <span class='ocrx_word' id='word_1_70' title='bbox 806 1057 813 1097; x_wconf 91' lang='lat'>:</span> <span class='ocrx_word' id='word_1_71' title='bbox 832 1036 965 1113; x_wconf 89' lang='lat' dir='ltr'>quando</span> <span class='ocrx_word' id='word_1_72' title='bbox 989 1036 1078 1096; x_wconf 89' lang='lat' dir='ltr'>enim</span> 
     </span>
     <span class='ocr_line' id='line_1_11' title="bbox 82 1114 1077 1194; baseline 0.001 -19"><span class='ocrx_word' id='word_1_73' title='bbox 82 1115 207 1180; x_wconf 90' lang='lat' dir='ltr'>naturali</span> <span class='ocrx_word' id='word_1_74' title='bbox 218 1114 365 1190; x_wconf 89' lang='lat' dir='ltr'>quodam</span> <span class='ocrx_word' id='word_1_75' title='bbox 377 1116 504 1191; x_wconf 89' lang='lat' dir='ltr'>impetu</span> <span class='ocrx_word' id='word_1_76' title='bbox 515 1117 587 1194; x_wconf 90' lang='lat' dir='ltr'>quis</span> <span class='ocrx_word' id='word_1_77' title='bbox 601 1117 634 1178; x_wconf 92' lang='lat' dir='ltr'>in</span> <span class='ocrx_word' id='word_1_78' title='bbox 646 1116 745 1177; x_wconf 92' lang='lat' dir='ltr'>talem</span> <span class='ocrx_word' id='word_1_79' title='bbox 758 1121 862 1176; x_wconf 89' lang='lat' dir='ltr'>artem</span> <span class='ocrx_word' id='word_1_80' title='bbox 878 1115 1077 1194; x_wconf 85' lang='lat' dir='ltr'>propendet,</span> 
     </span>
     <span class='ocr_line' id='line_1_12' title="bbox 81 1193 1080 1273; baseline 0 -19"><span class='ocrx_word' id='word_1_81' title='bbox 81 1196 137 1254; x_wconf 81' lang='lat' dir='ltr'>hac</span> <span class='ocrx_word' id='word_1_82' title='bbox 151 1193 259 1256; x_wconf 88' lang='lat' dir='ltr'>arsilli</span> <span class='ocrx_word' id='word_1_83' title='bbox 273 1196 379 1256; x_wconf 87' lang='lat' dir='ltr'>multo</span> <span class='ocrx_word' id='word_1_84' title='bbox 392 1196 509 1258; x_wconf 90' lang='lat' dir='ltr'>melius</span> <span class='ocrx_word' id='word_1_85' title='bbox 524 1194 683 1256; x_wconf 88' lang='lat' dir='ltr'>succedet</span> <span class='ocrx_word' id='word_1_86' title='bbox 698 1212 798 1272; x_wconf 91' lang='lat' dir='ltr'>quam</span> <span class='ocrx_word' id='word_1_87' title='bbox 811 1196 930 1268; x_wconf 79' lang='lat' dir='ltr'>invisa3</span> <span class='ocrx_word' id='word_1_88' title='bbox 944 1211 1080 1273; x_wconf 85' lang='lat' dir='ltr'>aequum</span> 
     </span>
     <span class='ocr_line' id='line_1_13' title="bbox 82 1276 1079 1353; baseline -0.002 -18"><span class='ocrx_word' id='word_1_89' title='bbox 82 1281 122 1335; x_wconf 91' lang='lat' dir='ltr'>est</span> <span class='ocrx_word' id='word_1_90' title='bbox 136 1277 243 1336; x_wconf 91' lang='lat' dir='ltr'>tamen</span> <span class='ocrx_word' id='word_1_91' title='bbox 256 1279 293 1335; x_wconf 90' lang='lat' dir='ltr'>ut</span> <span class='ocrx_word' id='word_1_92' title='bbox 307 1291 323 1336; x_wconf 87' lang='lat' dir='ltr'>a</span> <span class='ocrx_word' id='word_1_93' title='bbox 341 1276 483 1338; x_wconf 89' lang='lat' dir='ltr'>consiliis</span> <span class='ocrx_word' id='word_1_94' title='bbox 495 1281 528 1336; x_wconf 90' lang='lat' dir='ltr'>et</span> <span class='ocrx_word' id='word_1_95' title='bbox 539 1276 818 1337; x_wconf 81' lang='lat' dir='ltr'>cohortationibus</span> <span class='ocrx_word' id='word_1_96' title='bbox 828 1280 1002 1353; x_wconf 89' lang='lat' dir='ltr'>parentum</span> <span class='ocrx_word' id='word_1_97' title='bbox 1012 1289 1079 1337; x_wconf 92' lang='lat' dir='ltr'>non</span> 
     </span>
     <span class='ocr_line' id='line_1_14' title="bbox 80 1355 692 1423; baseline 0.002 -8"><span class='ocrx_word' id='word_1_98' title='bbox 80 1357 140 1415; x_wconf 90' lang='lat' dir='ltr'>sine</span> <span class='ocrx_word' id='word_1_99' title='bbox 155 1357 243 1423; x_wconf 69' lang='lat' dir='ltr'>aravi</span> <span class='ocrx_word' id='word_1_100' title='bbox 259 1371 358 1416; x_wconf 88' lang='lat' dir='ltr'>causa</span> <span class='ocrx_word' id='word_1_101' title='bbox 372 1371 409 1416; x_wconf 91' lang='lat' dir='ltr'>se</span> <span class='ocrx_word' id='word_1_102' title='bbox 425 1355 611 1416; x_wconf 87' lang='lat' dir='ltr'>subducant</span> <span class='ocrx_word' id='word_1_103' title='bbox 623 1355 692 1417; x_wconf 85' lang='lat' dir='ltr'>filii.</span> 
     </span>
    </p>
   </div>
   <div class='ocr_carea' id='block_1_3' title="bbox 373 1478 774 1544">
    <p class='ocr_par' dir='ltr' id='par_1_4' title="bbox 373 1478 774 1544">
     <span class='ocr_line' id='line_1_15' title="bbox 373 1478 774 1544; baseline 0 -10"><span class='ocrx_word' id='word_1_104' title='bbox 373 1481 447 1544; x_wconf 80' lang='lat' dir='ltr'>§Ill</span> <span class='ocrx_word' id='word_1_105' title='bbox 464 1481 505 1534; x_wconf 90' lang='lat' dir='ltr'>De</span> <span class='ocrx_word' id='word_1_106' title='bbox 520 1479 661 1534; x_wconf 85' lang='lat' dir='ltr'>societate</span> <span class='ocrx_word' id='word_1_107' title='bbox 676 1478 774 1534; x_wconf 88' lang='lat' dir='ltr'>herili.</span> 
     </span>
    </p>
   </div>
   <div class='ocr_carea' id='block_1_4' title="bbox 79 1589 1117 3747">
    <p class='ocr_par' dir='ltr' id='par_1_5' title="bbox 79 1589 1082 2545">
     <span class='ocr_line' id='line_1_16' title="bbox 111 1589 1080 1665; baseline -0.003 -12"><span class='ocrx_word' id='word_1_108' title='bbox 111 1593 175 1654; x_wconf 71' lang='lat'><strong>222.</strong></span> <span class='ocrx_word' id='word_1_109' title='bbox 192 1624 231 1634; x_wconf 86' lang='lat'>·-</span> <span class='ocrx_word' id='word_1_110' title='bbox 245 1589 394 1652; x_wconf 85' lang='lat' dir='ltr'>Societas</span> <span class='ocrx_word' id='word_1_111' title='bbox 407 1591 518 1652; x_wconf 87' lang='lat' dir='ltr'>herilis</span> <span class='ocrx_word' id='word_1_112' title='bbox 533 1593 693 1665; x_wconf 68' lang='lat' dir='ltr'>originem</span> <span class='ocrx_word' id='word_1_113' title='bbox 708 1591 809 1652; x_wconf 90' lang='lat' dir='ltr'>habet</span> <span class='ocrx_word' id='word_1_114' title='bbox 825 1607 866 1650; x_wconf 82' lang='lat' dir='ltr'>ex</span> <span class='ocrx_word' id='word_1_115' title='bbox 875 1589 1080 1650; x_wconf 88' lang='lat' dir='ltr'>institutione</span> 
     </span>
     <span class='ocr_line' id='line_1_17' title="bbox 80 1670 1080 1750; baseline -0.002 -18"><span class='ocrx_word' id='word_1_116' title='bbox 80 1673 220 1740; x_wconf 90' lang='lat' dir='ltr'>humana,</span> <span class='ocrx_word' id='word_1_117' title='bbox 238 1687 305 1731; x_wconf 92' lang='lat' dir='ltr'>non</span> <span class='ocrx_word' id='word_1_118' title='bbox 319 1672 418 1750; x_wconf 88' lang='lat' dir='ltr'>jussu</span> <span class='ocrx_word' id='word_1_119' title='bbox 436 1675 569 1743; x_wconf 86' lang='lat' dir='ltr'>naturae,</span> <span class='ocrx_word' id='word_1_120' title='bbox 584 1672 701 1731; x_wconf 86' lang='lat' dir='ltr'>saltem</span> <span class='ocrx_word' id='word_1_121' title='bbox 720 1671 880 1747; x_wconf 86' lang='lat' dir='ltr'>proxime.</span> <span class='ocrx_word' id='word_1_122' title='bbox 897 1671 952 1730; x_wconf 87' lang='lat' dir='ltr'>Est</span> <span class='ocrx_word' id='word_1_123' title='bbox 971 1670 1080 1730; x_wconf 90' lang='lat' dir='ltr'>socie-</span> 
     </span>
     <span class='ocr_line' id='line_1_18' title="bbox 80 1749 1080 1829; baseline -0.004 -17"><span class='ocrx_word' id='word_1_124' title='bbox 80 1759 121 1812; x_wconf 89' lang='lat' dir='ltr'>tas</span> <span class='ocrx_word' id='word_1_125' title='bbox 130 1752 262 1826; x_wconf 74' lang='lat' dir='ltr'>pactum</span> <span class='ocrx_word' id='word_1_126' title='bbox 281 1767 367 1828; x_wconf 86' lang='lat' dir='ltr'>quae,</span> <span class='ocrx_word' id='word_1_127' title='bbox 385 1751 567 1812; x_wconf 89' lang='lat' dir='ltr'>communis</span> <span class='ocrx_word' id='word_1_128' title='bbox 585 1751 733 1822; x_wconf 79' lang='lat' dir='ltr'>utilitatis</span> <span class='ocrx_word' id='word_1_129' title='bbox 748 1752 865 1829; x_wconf 84' lang='lat' dir='ltr'>gratia,</span> <span class='ocrx_word' id='word_1_130' title='bbox 880 1749 982 1810; x_wconf 89' lang='lat' dir='ltr'>initur</span> <span class='ocrx_word' id='word_1_131' title='bbox 994 1749 1080 1810; x_wconf 86' lang='lat' dir='ltr'>inter</span> 
     </span>
     <span class='ocr_line' id='line_1_19' title="bbox 80 1829 1080 1899; baseline -0.002 -7"><span class='ocrx_word' id='word_1_132' title='bbox 80 1832 237 1892; x_wconf 88' lang='lat' dir='ltr'>dominum</span> <span class='ocrx_word' id='word_1_133' title='bbox 258 1835 291 1890; x_wconf 93' lang='lat' dir='ltr'>et</span> <span class='ocrx_word' id='word_1_134' title='bbox 309 1829 483 1899; x_wconf 64' lang='lat' dir='ltr'>famulum</span> <span class='ocrx_word' id='word_1_135' title='bbox 502 1836 552 1891; x_wconf 88' lang='lat' dir='ltr'>est</span> <span class='ocrx_word' id='word_1_136' title='bbox 567 1835 754 1892; x_wconf 86' lang='lat' dir='ltr'>contractus</span> <span class='ocrx_word' id='word_1_137' title='bbox 773 1832 997 1892; x_wconf 83' lang='lat' dir='ltr'>innominatus</span> <span class='ocrx_word' id='word_1_138' title='bbox 1015 1845 1022 1886; x_wconf 93' lang='lat'>:</span> <span class='ocrx_word' id='word_1_139' title='bbox 1039 1831 1080 1890; x_wconf 80' lang='lat' dir='ltr'>do</span> 
     </span>
     <span class='ocr_line' id='line_1_20' title="bbox 80 1907 1078 1988; baseline -0.002 -17"><span class='ocrx_word' id='word_1_140' title='bbox 80 1917 108 1971; x_wconf 83' lang='lat' dir='ltr'>ct</span> <span class='ocrx_word' id='word_1_141' title='bbox 119 1911 231 1984; x_wconf 83' lang='lat' dir='ltr'>facias,</span> <span class='ocrx_word' id='word_1_142' title='bbox 250 1925 291 1970; x_wconf 82' lang='lat' dir='ltr'>ex</span> <span class='ocrx_word' id='word_1_143' title='bbox 306 1916 399 1988; x_wconf 89' lang='lat' dir='ltr'>parte</span> <span class='ocrx_word' id='word_1_144' title='bbox 413 1912 495 1982; x_wconf 91' lang='lat' dir='ltr'>heri,</span> <span class='ocrx_word' id='word_1_145' title='bbox 513 1916 546 1986; x_wconf 89' lang='lat' dir='ltr'>et</span> <span class='ocrx_word' id='word_1_146' title='bbox 561 1911 648 1985; x_wconf 76' lang='lat' dir='ltr'>sacto</span> <span class='ocrx_word' id='word_1_147' title='bbox 663 1916 698 1975; x_wconf 82' lang='lat' dir='ltr'>ut</span> <span class='ocrx_word' id='word_1_148' title='bbox 713 1913 775 1983; x_wconf 85' lang='lat' dir='ltr'>des,</span> <span class='ocrx_word' id='word_1_149' title='bbox 789 1927 829 1971; x_wconf 86' lang='lat' dir='ltr'>ex</span> <span class='ocrx_word' id='word_1_150' title='bbox 845 1916 937 1986; x_wconf 89' lang='lat' dir='ltr'>parte</span> <span class='ocrx_word' id='word_1_151' title='bbox 952 1907 1078 1971; x_wconf 84' lang='lat' dir='ltr'>famuli.</span> 
     </span>
     <span class='ocr_line' id='line_1_21' title="bbox 79 1988 1078 2069; baseline -0.003 -19"><span class='ocrx_word' id='word_1_152' title='bbox 79 1991 143 2052; x_wconf 89' lang='lat' dir='ltr'>Post</span> <span class='ocrx_word' id='word_1_153' title='bbox 157 1989 460 2066; x_wconf 90' lang='lat' dir='ltr'>multiplicationem</span> <span class='ocrx_word' id='word_1_154' title='bbox 475 1991 608 2068; x_wconf 82' lang='lat' dir='ltr'>generis</span> <span class='ocrx_word' id='word_1_155' title='bbox 622 1991 756 2050; x_wconf 88' lang='lat' dir='ltr'>humani</span> <span class='ocrx_word' id='word_1_156' title='bbox 779 1996 811 2052; x_wconf 91' lang='lat' dir='ltr'>et</span> <span class='ocrx_word' id='word_1_157' title='bbox 825 1990 909 2069; x_wconf 89' lang='lat' dir='ltr'>juris</span> <span class='ocrx_word' id='word_1_158' title='bbox 929 1988 1078 2065; x_wconf 89' lang='lat' dir='ltr'>proprie-</span> 
     </span>
     <span class='ocr_line' id='line_1_22' title="bbox 79 2069 1076 2148; baseline -0.002 -18"><span class='ocrx_word' id='word_1_159' title='bbox 79 2071 140 2132; x_wconf 87' lang='lat' dir='ltr'>tatis</span> <span class='ocrx_word' id='word_1_160' title='bbox 154 2070 404 2148; x_wconf 85' lang='lat' dir='ltr'>acquisitionem</span> <span class='ocrx_word' id='word_1_161' title='bbox 420 2075 533 2132; x_wconf 85' lang='lat' dir='ltr'>enorta</span> <span class='ocrx_word' id='word_1_162' title='bbox 549 2075 599 2132; x_wconf 89' lang='lat' dir='ltr'>est</span> <span class='ocrx_word' id='word_1_163' title='bbox 612 2071 815 2147; x_wconf 86' lang='lat' dir='ltr'>inaequalitas</span> <span class='ocrx_word' id='word_1_164' title='bbox 831 2069 1076 2139; x_wconf 66' lang='lat' dir='ltr'>conditionum</span> 
     </span>
     <span class='ocr_line' id='line_1_23' title="bbox 79 2148 1082 2227; baseline -0.001 -18"><span class='ocrx_word' id='word_1_165' title='bbox 79 2148 231 2227; x_wconf 86' lang='lat' dir='ltr'>siquidem</span> <span class='ocrx_word' id='word_1_166' title='bbox 246 2151 415 2213; x_wconf 87' lang='lat' dir='ltr'>diversitas</span> <span class='ocrx_word' id='word_1_167' title='bbox 430 2152 462 2211; x_wconf 90' lang='lat' dir='ltr'>in</span> <span class='ocrx_word' id='word_1_168' title='bbox 475 2152 597 2213; x_wconf 81' lang='lat' dir='ltr'>viribus</span> <span class='ocrx_word' id='word_1_169' title='bbox 624 2152 781 2227; x_wconf 90' lang='lat' dir='ltr'>corporis,</span> <span class='ocrx_word' id='word_1_170' title='bbox 802 2152 836 2211; x_wconf 92' lang='lat' dir='ltr'>in</span> <span class='ocrx_word' id='word_1_171' title='bbox 855 2149 1026 2222; x_wconf 89' lang='lat' dir='ltr'>industria,</span> <span class='ocrx_word' id='word_1_172' title='bbox 1046 2148 1082 2208; x_wconf 91' lang='lat' dir='ltr'>in</span> 
     </span>
     <span class='ocr_line' id='line_1_24' title="bbox 79 2230 1081 2308; baseline -0.001 -19"><span class='ocrx_word' id='word_1_173' title='bbox 79 2231 246 2308; x_wconf 82' lang='lat' dir='ltr'>sagacitate</span> <span class='ocrx_word' id='word_1_174' title='bbox 263 2231 373 2299; x_wconf 89' lang='lat' dir='ltr'>animi,</span> <span class='ocrx_word' id='word_1_175' title='bbox 391 2232 604 2308; x_wconf 90' lang='lat' dir='ltr'>parcimonia,</span> <span class='ocrx_word' id='word_1_176' title='bbox 623 2236 700 2299; x_wconf 79' lang='lat' dir='ltr'>etc,</span> <span class='ocrx_word' id='word_1_177' title='bbox 717 2232 801 2291; x_wconf 88' lang='lat' dir='ltr'>hanc</span> <span class='ocrx_word' id='word_1_178' title='bbox 820 2230 1081 2307; x_wconf 83' lang='lat' dir='ltr'>inaequalitatem</span> 
     </span>
     <span class='ocr_line' id='line_1_25' title="bbox 80 2307 1082 2386; baseline -0.003 -17"><span class='ocrx_word' id='word_1_179' title='bbox 80 2310 132 2369; x_wconf 88' lang='lat' dir='ltr'>cito</span> <span class='ocrx_word' id='word_1_180' title='bbox 151 2309 321 2386; x_wconf 78' lang='lat' dir='ltr'>produxit;</span> <span class='ocrx_word' id='word_1_181' title='bbox 348 2312 423 2371; x_wconf 92' lang='lat' dir='ltr'>hinc</span> <span class='ocrx_word' id='word_1_182' title='bbox 447 2311 596 2372; x_wconf 91' lang='lat' dir='ltr'>nonnulli</span> <span class='ocrx_word' id='word_1_183' title='bbox 622 2310 738 2372; x_wconf 84' lang='lat' dir='ltr'>divites</span> <span class='ocrx_word' id='word_1_184' title='bbox 762 2311 840 2371; x_wconf 88' lang='lat' dir='ltr'>iacti</span> <span class='ocrx_word' id='word_1_185' title='bbox 864 2314 952 2382; x_wconf 89' lang='lat' dir='ltr'>sunt,</span> <span class='ocrx_word' id='word_1_186' title='bbox 969 2314 1002 2369; x_wconf 90' lang='lat' dir='ltr'>et</span> <span class='ocrx_word' id='word_1_187' title='bbox 1028 2307 1082 2369; x_wconf 91' lang='lat' dir='ltr'>alii</span> 
     </span>
     <span class='ocr_line' id='line_1_26' title="bbox 81 2388 1082 2467; baseline -0.002 -18"><span class='ocrx_word' id='word_1_188' title='bbox 81 2395 218 2467; x_wconf 73' lang='lat' dir='ltr'>egenteS,</span> <span class='ocrx_word' id='word_1_189' title='bbox 237 2392 293 2467; x_wconf 90' lang='lat' dir='ltr'>qui</span> <span class='ocrx_word' id='word_1_190' title='bbox 308 2390 455 2451; x_wconf 88' lang='lat' dir='ltr'>subsidio</span> <span class='ocrx_word' id='word_1_191' title='bbox 473 2390 608 2452; x_wconf 89' lang='lat' dir='ltr'>divitum</span> <span class='ocrx_word' id='word_1_192' title='bbox 625 2396 801 2467; x_wconf 83' lang='lat' dir='ltr'>eguerunt,</span> <span class='ocrx_word' id='word_1_193' title='bbox 823 2394 856 2450; x_wconf 91' lang='lat' dir='ltr'>et</span> <span class='ocrx_word' id='word_1_194' title='bbox 878 2405 1011 2467; x_wconf 88' lang='lat' dir='ltr'>operam</span> <span class='ocrx_word' id='word_1_195' title='bbox 1033 2388 1082 2449; x_wconf 88' lang='lat' dir='ltr'>eis</span> 
     </span>
     <span class='ocr_line' id='line_1_27' title="bbox 80 2468 1015 2545; baseline -0.004 -13"><span class='ocrx_word' id='word_1_196' title='bbox 80 2468 261 2532; x_wconf 86' lang='lat' dir='ltr'>oblocarunt</span> <span class='ocrx_word' id='word_1_197' title='bbox 273 2474 310 2531; x_wconf 93' lang='lat' dir='ltr'>ut</span> <span class='ocrx_word' id='word_1_198' title='bbox 325 2470 480 2532; x_wconf 89' lang='lat' dir='ltr'>advitam</span> <span class='ocrx_word' id='word_1_199' title='bbox 495 2472 682 2532; x_wconf 87' lang='lat' dir='ltr'>necessaria</span> <span class='ocrx_word' id='word_1_200' title='bbox 696 2471 737 2531; x_wconf 89' lang='lat' dir='ltr'>ab</span> <span class='ocrx_word' id='word_1_201' title='bbox 754 2474 802 2532; x_wconf 91' lang='lat' dir='ltr'>eis</span> <span class='ocrx_word' id='word_1_202' title='bbox 816 2469 1015 2545; x_wconf 88' lang='lat' dir='ltr'>reciperent.</span> 
     </span>
    </p>

    <p class='ocr_par' dir='ltr' id='par_1_6' title="bbox 81 2547 1082 2787">
     <span class='ocr_line' id='line_1_28' title="bbox 111 2547 1082 2628; baseline -0.001 -20"><span class='ocrx_word' id='word_1_203' title='bbox 111 2550 190 2627; x_wconf 80' lang='lat' dir='ltr'>Ergo</span> <span class='ocrx_word' id='word_1_204' title='bbox 215 2555 338 2612; x_wconf 83' lang='lat' dir='ltr'>remote</span> <span class='ocrx_word' id='word_1_205' title='bbox 361 2551 522 2628; x_wconf 79' lang='lat' dir='ltr'>originem</span> <span class='ocrx_word' id='word_1_206' title='bbox 546 2549 791 2628; x_wconf 90' lang='lat' dir='ltr'>quodammodo</span> <span class='ocrx_word' id='word_1_207' title='bbox 815 2550 919 2611; x_wconf 86' lang='lat' dir='ltr'>habet</span> <span class='ocrx_word' id='word_1_208' title='bbox 943 2565 985 2609; x_wconf 81' lang='lat' dir='ltr'>ex</span> <span class='ocrx_word' id='word_1_209' title='bbox 1009 2547 1082 2623; x_wconf 89' lang='lat' dir='ltr'>ipsa</span> 
     </span>
     <span class='ocr_line' id='line_1_29' title="bbox 81 2626 1079 2708; baseline 0.001 -20"><span class='ocrx_word' id='word_1_210' title='bbox 81 2632 196 2699; x_wconf 88' lang='lat' dir='ltr'>natura,</span> <span class='ocrx_word' id='word_1_211' title='bbox 212 2645 231 2688; x_wconf 89' lang='lat' dir='ltr'>a</span> <span class='ocrx_word' id='word_1_212' title='bbox 251 2645 316 2707; x_wconf 84' lang='lat' dir='ltr'>qua</span> <span class='ocrx_word' id='word_1_213' title='bbox 335 2631 440 2707; x_wconf 92' lang='lat' dir='ltr'>repeti</span> <span class='ocrx_word' id='word_1_214' title='bbox 462 2630 563 2692; x_wconf 87' lang='lat' dir='ltr'>debet</span> <span class='ocrx_word' id='word_1_215' title='bbox 583 2629 753 2693; x_wconf 84' lang='lat' dir='ltr'>diversitas</span> <span class='ocrx_word' id='word_1_216' title='bbox 772 2628 909 2708; x_wconf 82' lang='lat' dir='ltr'>ingenii,</span> <span class='ocrx_word' id='word_1_217' title='bbox 931 2626 1079 2705; x_wconf 89' lang='lat' dir='ltr'>pruden-</span> 
     </span>
     <span class='ocr_line' id='line_1_30' title="bbox 82 2709 502 2787; baseline 0.01 -20"><span class='ocrx_word' id='word_1_218' title='bbox 82 2709 131 2779; x_wconf 84' lang='lat' dir='ltr'>tie,</span> <span class='ocrx_word' id='word_1_219' title='bbox 145 2710 261 2769; x_wconf 72' lang='lat' dir='ltr'>sirium</span> <span class='ocrx_word' id='word_1_220' title='bbox 274 2712 502 2787; x_wconf 89' lang='lat' dir='ltr'>corporalium.</span> 
     </span>
    </p>

    <p class='ocr_par' dir='ltr' id='par_1_7' title="bbox 81 2784 1117 3251">
     <span class='ocr_line' id='line_1_31' title="bbox 113 2784 1079 2867; baseline -0.003 -19"><span class='ocrx_word' id='word_1_221' title='bbox 113 2789 163 2849; x_wconf 83' lang='lat' dir='ltr'>Est</span> <span class='ocrx_word' id='word_1_222' title='bbox 181 2789 323 2849; x_wconf 86' lang='lat' dir='ltr'>societas</span> <span class='ocrx_word' id='word_1_223' title='bbox 342 2792 513 2867; x_wconf 80' lang='lat' dir='ltr'>inaequalis</span> <span class='ocrx_word' id='word_1_224' title='bbox 531 2806 596 2867; x_wconf 92' lang='lat' dir='ltr'>qua</span> <span class='ocrx_word' id='word_1_225' title='bbox 617 2789 770 2850; x_wconf 91' lang='lat' dir='ltr'>dominus</span> <span class='ocrx_word' id='word_1_226' title='bbox 790 2792 825 2849; x_wconf 92' lang='lat' dir='ltr'>et</span> <span class='ocrx_word' id='word_1_227' title='bbox 842 2784 984 2847; x_wconf 85' lang='lat' dir='ltr'>famulus</span> <span class='ocrx_word' id='word_1_228' title='bbox 1003 2785 1079 2846; x_wconf 85' lang='lat' dir='ltr'>inae·</span> 
     </span>
     <span class='ocr_line' id='line_1_32' title="bbox 82 2866 1081 2947; baseline -0.002 -20"><span class='ocrx_word' id='word_1_229' title='bbox 82 2869 157 2944; x_wconf 89' lang='lat' dir='ltr'>quali</span> <span class='ocrx_word' id='word_1_230' title='bbox 176 2870 401 2947; x_wconf 59' lang='lat' dir='ltr'>prorsus&#39;jure</span> <span class='ocrx_word' id='word_1_231' title='bbox 421 2873 612 2931; x_wconf 87' lang='lat' dir='ltr'>sociantur:</span> <span class='ocrx_word' id='word_1_232' title='bbox 631 2885 746 2930; x_wconf 89' lang='lat' dir='ltr'>servus</span> <span class='ocrx_word' id='word_1_233' title='bbox 766 2868 854 2928; x_wconf 90' lang='lat' dir='ltr'>enim</span> <span class='ocrx_word' id='word_1_234' title='bbox 875 2870 925 2927; x_wconf 92' lang='lat' dir='ltr'>est</span> <span class='ocrx_word' id='word_1_235' title='bbox 948 2866 1081 2929; x_wconf 90' lang='lat' dir='ltr'>domino</span> 
     </span>
     <span class='ocr_line' id='line_1_33' title="bbox 82 2948 1082 3028; baseline 0 -23"><span class='ocrx_word' id='word_1_236' title='bbox 82 2948 240 3018; x_wconf 77' lang='lat' dir='ltr'>obnoxiae,</span> <span class='ocrx_word' id='word_1_237' title='bbox 262 2952 295 3008; x_wconf 88' lang='lat' dir='ltr'>et</span> <span class='ocrx_word' id='word_1_238' title='bbox 315 2948 357 3009; x_wconf 92' lang='lat' dir='ltr'>ad</span> <span class='ocrx_word' id='word_1_239' title='bbox 376 2950 475 3028; x_wconf 84' lang='lat' dir='ltr'>nujus</span> <span class='ocrx_word' id='word_1_240' title='bbox 494 2950 670 3010; x_wconf 86' lang='lat' dir='ltr'>utilitatem</span> <span class='ocrx_word' id='word_1_241' title='bbox 689 2952 827 3026; x_wconf 87' lang='lat' dir='ltr'>spectat.</span> <span class='ocrx_word' id='word_1_242' title='bbox 843 2948 1082 3007; x_wconf 89' lang='lat' dir='ltr'>Verumtamen</span> 
     </span>
     <span class='ocr_line' id='line_1_34' title="bbox 81 3026 1117 3106; baseline -0.002 -19"><span class='ocrx_word' id='word_1_243' title='bbox 81 3028 326 3089; x_wconf 87' lang='lat' dir='ltr'>emolumentum</span> <span class='ocrx_word' id='word_1_244' title='bbox 350 3032 532 3091; x_wconf 90' lang='lat' dir='ltr'>communis</span> <span class='ocrx_word' id='word_1_245' title='bbox 555 3027 699 3103; x_wconf 86' lang='lat' dir='ltr'>familiae,</span> <span class='ocrx_word' id='word_1_246' title='bbox 721 3033 838 3106; x_wconf 80' lang='lat' dir='ltr'>preter</span> <span class='ocrx_word' id='word_1_247' title='bbox 862 3026 1078 3103; x_wconf 84' lang='lat' dir='ltr'>stipendium,</span> <span class='ocrx_word' id='word_1_248' title='bbox 1116 3089 1117 3092; x_wconf 59' lang='grc'>,</span> 
     </span>
     <span class='ocr_line' id='line_1_35' title="bbox 81 3106 1080 3188; baseline -0.002 -22"><span class='ocrx_word' id='word_1_249' title='bbox 81 3108 182 3185; x_wconf 88' lang='lat' dir='ltr'>accipit</span> <span class='ocrx_word' id='word_1_250' title='bbox 196 3124 323 3169; x_wconf 75' lang='lat' dir='ltr'>servus</span> <span class='ocrx_word' id='word_1_251' title='bbox 340 3112 426 3171; x_wconf 74' lang='lat' dir='ltr'>Finis</span> <span class='ocrx_word' id='word_1_252' title='bbox 441 3127 520 3188; x_wconf 82' lang='lat' dir='ltr'>ergo</span> <span class='ocrx_word' id='word_1_253' title='bbox 535 3109 634 3188; x_wconf 90' lang='lat' dir='ltr'>hujus</span> <span class='ocrx_word' id='word_1_254' title='bbox 648 3109 815 3170; x_wconf 89' lang='lat' dir='ltr'>societatis</span> <span class='ocrx_word' id='word_1_255' title='bbox 831 3111 882 3168; x_wconf 90' lang='lat' dir='ltr'>est</span> <span class='ocrx_word' id='word_1_256' title='bbox 895 3106 1019 3168; x_wconf 89' lang='lat' dir='ltr'>utilitas</span> <span class='ocrx_word' id='word_1_257' title='bbox 1046 3108 1080 3165; x_wconf 91' lang='lat' dir='ltr'>et</span> 
     </span>
     <span class='ocr_line' id='line_1_36' title="bbox 82 3187 373 3251; baseline 0.014 -4"><span class='ocrx_word' id='word_1_258' title='bbox 82 3187 278 3249; x_wconf 89' lang='lat' dir='ltr'>commodum</span> <span class='ocrx_word' id='word_1_259' title='bbox 292 3188 373 3251; x_wconf 91' lang='lat' dir='ltr'>heri.</span> 
     </span>
    </p>

    <p class='ocr_par' dir='ltr' id='par_1_8' title="bbox 79 3264 1082 3747">
     <span class='ocr_line' id='line_1_37' title="bbox 112 3264 1082 3343; baseline -0.004 -15"><span class='ocrx_word' id='word_1_260' title='bbox 112 3268 175 3329; x_wconf 75' lang='lat'>223.</span> <span class='ocrx_word' id='word_1_261' title='bbox 193 3302 231 3311; x_wconf 85' lang='lat'>-</span> <span class='ocrx_word' id='word_1_262' title='bbox 246 3269 363 3343; x_wconf 73' lang='lat' dir='ltr'>Ofdct‘a</span> <span class='ocrx_word' id='word_1_263' title='bbox 381 3269 513 3328; x_wconf 76' lang='lat' dir='ltr'>demitti.</span> <span class='ocrx_word' id='word_1_264' title='bbox 530 3269 638 3329; x_wconf 89' lang='lat' dir='ltr'>Debet</span> <span class='ocrx_word' id='word_1_265' title='bbox 660 3267 813 3329; x_wconf 89' lang='lat' dir='ltr'>dominus</span> <span class='ocrx_word' id='word_1_266' title='bbox 834 3264 975 3327; x_wconf 85' lang='lat' dir='ltr'>famulos</span> <span class='ocrx_word' id='word_1_267' title='bbox 992 3279 1082 3324; x_wconf 89' lang='lat' dir='ltr'>ama·</span> 
     </span>
     <span class='ocr_line' id='line_1_38' title="bbox 79 3346 1080 3425; baseline -0.001 -21"><span class='ocrx_word' id='word_1_268' title='bbox 79 3361 119 3416; x_wconf 90' lang='lat' dir='ltr'>re,</span> <span class='ocrx_word' id='word_1_269' title='bbox 133 3349 305 3416; x_wconf 87' lang='lat' dir='ltr'>instruere,</span> <span class='ocrx_word' id='word_1_270' title='bbox 323 3350 487 3423; x_wconf 89' lang='lat' dir='ltr'>corripere</span> <span class='ocrx_word' id='word_1_271' title='bbox 503 3364 686 3425; x_wconf 91' lang='lat' dir='ltr'>eorumque</span> <span class='ocrx_word' id='word_1_272' title='bbox 701 3362 837 3423; x_wconf 92' lang='lat' dir='ltr'>operam</span> <span class='ocrx_word' id='word_1_273' title='bbox 848 3346 939 3425; x_wconf 88' lang='lat' dir='ltr'>justo</span> <span class='ocrx_word' id='word_1_274' title='bbox 955 3346 1080 3420; x_wconf 74' lang='lat' dir='ltr'>stipem.</span> 
     </span>
     <span class='ocr_line' id='line_1_39' title="bbox 81 3424 1081 3491; baseline -0.001 -8"><span class='ocrx_word' id='word_1_275' title='bbox 81 3424 124 3486; x_wconf 92' lang='lat' dir='ltr'>dio</span> <span class='ocrx_word' id='word_1_276' title='bbox 134 3430 286 3490; x_wconf 88' lang='lat' dir='ltr'>remetiri.</span> <span class='ocrx_word' id='word_1_277' title='bbox 299 3429 426 3489; x_wconf 82' lang='lat' dir='ltr'>Etenim</span> <span class='ocrx_word' id='word_1_278' title='bbox 437 3429 521 3489; x_wconf 89' lang='lat' dir='ltr'>servi</span> <span class='ocrx_word' id='word_1_279' title='bbox 535 3434 568 3489; x_wconf 87' lang='lat' dir='ltr'>et</span> <span class='ocrx_word' id='word_1_280' title='bbox 579 3426 702 3491; x_wconf 88' lang='lat' dir='ltr'>domini</span> <span class='ocrx_word' id='word_1_281' title='bbox 715 3425 871 3488; x_wconf 91' lang='lat' dir='ltr'>eumdem</span> <span class='ocrx_word' id='word_1_282' title='bbox 884 3426 1013 3485; x_wconf 89' lang='lat' dir='ltr'>Patrem</span> <span class='ocrx_word' id='word_1_283' title='bbox 1023 3424 1081 3483; x_wconf 89' lang='lat' dir='ltr'>ha-</span> 
     </span>
     <span class='ocr_line' id='line_1_40' title="bbox 80 3502 1081 3583; baseline -0.001 -19"><span class='ocrx_word' id='word_1_284' title='bbox 80 3504 148 3567; x_wconf 91' lang='lat' dir='ltr'>bent</span> <span class='ocrx_word' id='word_1_285' title='bbox 160 3510 192 3567; x_wconf 92' lang='lat' dir='ltr'>in</span> <span class='ocrx_word' id='word_1_286' title='bbox 207 3507 311 3581; x_wconf 78' lang='lat' dir='ltr'>coeliS,</span> <span class='ocrx_word' id='word_1_287' title='bbox 327 3507 477 3569; x_wconf 87' lang='lat' dir='ltr'>eamdem</span> <span class='ocrx_word' id='word_1_288' title='bbox 492 3512 640 3569; x_wconf 87' lang='lat' dir='ltr'>naturam</span> <span class='ocrx_word' id='word_1_289' title='bbox 656 3507 876 3583; x_wconf 90' lang='lat' dir='ltr'>eumdemque</span> <span class='ocrx_word' id='word_1_290' title='bbox 891 3502 989 3565; x_wconf 88' lang='lat' dir='ltr'>finem</span> <span class='ocrx_word' id='word_1_291' title='bbox 1004 3503 1081 3564; x_wconf 87' lang='lat' dir='ltr'>ulti·</span> 
     </span>
     <span class='ocr_line' id='line_1_41' title="bbox 80 3583 1081 3662; baseline -0.001 -19"><span class='ocrx_word' id='word_1_292' title='bbox 80 3601 167 3658; x_wconf 89' lang='lat' dir='ltr'>mum;</span> <span class='ocrx_word' id='word_1_293' title='bbox 184 3586 305 3649; x_wconf 88' lang='lat' dir='ltr'>idcirco</span> <span class='ocrx_word' id='word_1_294' title='bbox 321 3594 397 3649; x_wconf 86' lang='lat' dir='ltr'>sunt</span> <span class='ocrx_word' id='word_1_295' title='bbox 409 3585 537 3659; x_wconf 71' lang='lat' dir='ltr'>fratres</span> <span class='ocrx_word' id='word_1_296' title='bbox 550 3590 613 3649; x_wconf 87' lang='lat' dir='ltr'>imo</span> <span class='ocrx_word' id='word_1_297' title='bbox 632 3587 783 3648; x_wconf 90' lang='lat' dir='ltr'>dominus</span> <span class='ocrx_word' id='word_1_298' title='bbox 797 3590 951 3662; x_wconf 88' lang='lat' dir='ltr'>respectu</span> <span class='ocrx_word' id='word_1_299' title='bbox 966 3583 1081 3644; x_wconf 89' lang='lat' dir='ltr'>famuli</span> 
     </span>
     <span class='ocr_line' id='line_1_42' title="bbox 79 3662 1079 3747; baseline -0.001 -22"><span class='ocrx_word' id='word_1_300' title='bbox 79 3664 155 3729; x_wconf 84' lang='lat' dir='ltr'>vices</span> <span class='ocrx_word' id='word_1_301' title='bbox 167 3670 268 3745; x_wconf 87' lang='lat' dir='ltr'>patris</span> <span class='ocrx_word' id='word_1_302' title='bbox 282 3667 437 3731; x_wconf 89' lang='lat' dir='ltr'>naturalis</span> <span class='ocrx_word' id='word_1_303' title='bbox 452 3670 547 3747; x_wconf 84' lang='lat' dir='ltr'>gerit,</span> <span class='ocrx_word' id='word_1_304' title='bbox 563 3667 707 3745; x_wconf 90' lang='lat' dir='ltr'>ideoque</span> <span class='ocrx_word' id='word_1_305' title='bbox 724 3669 821 3729; x_wconf 88' lang='lat' dir='ltr'>etiam</span> <span class='ocrx_word' id='word_1_306' title='bbox 835 3666 898 3726; x_wconf 89' lang='lat' dir='ltr'>boc</span> <span class='ocrx_word' id='word_1_307' title='bbox 913 3662 1006 3726; x_wconf 89' lang='lat' dir='ltr'>titulo</span> <span class='ocrx_word' id='word_1_308' title='bbox 1027 3662 1079 3725; x_wconf 87' lang='lat' dir='ltr'>fa·</span> 
     </span>
    </p>
   </div>
   <div class='ocr_carea' id='block_1_5' title="bbox 0 0 1329 4250">
    <p class='ocr_par' dir='ltr' id='par_1_9' title="bbox 0 0 1329 4250">
     <span class='ocr_line' id='line_1_43' title="bbox 0 0 1329 4250; baseline 0 0"><span class='ocrx_word' id='word_1_309' title='bbox 0 0 1329 4250; x_wconf 95' lang='lat' dir='ltr'> </span> 
     </span>
    </p>
   </div>
  </div>
 </body>
</html>
